2596 3284
1297 147 58 44 23

376 310 62 39 de
465 304 153 53 pièce
647 317 88 36 que
768 303 177 49 j'aime
972 302 57 38 le
1059 300 150 39 mieux
1239 294 122 42 même
1388 298 59 37 al
1480 296 59 48 je
1566 295 88 39 les
1687 292 204 40 admire*
1922 290 210 41 bobard
2166 292 56 45 je
2250 288 179 39 n'aime

378 417 88 39 pas
496 407 62 40 le
588 405 322 47 symbolisme,
945 399 176 50 j'aime
1151 407 59 30 ce
1242 407 86 39 que
1361 395 123 41 Itou
1508 394 115 49 dit,
1657 392 208 40 dessine
1896 387 326 51 précisément
2250 398 61 28 ce

380 506 150 51 qtt*on
558 516 31 29 a
614 505 154 39 voulu
795 504 145 38 dire*

619 607 58 37 Je
711 605 52 36 tr
763 612 63 30 ou
827 612 33 28 v
860 612 24 28 e
917 599 205 39 ensuite
1155 607 89 39 que
1273 597 88 39 cet
1394 593 413 41 enchêvêtreiaent
1838 590 293 48 d*ætioms,
2165 588 120 38 dent

378 707 270 42 certaines
676 713 61 30 ne
767 698 297 51 paraissent
1094 708 90 37 pas
1213 694 353 46 nécessaires,
1598 694 123 38 mais
1751 700 208 38 presque
1993 687 376 48 parasitaires,
2398 694 69 31 un

381 815 90 40 peu
500 805 204 40 touffu»
736 802 62 40 Où
827 800 89 40 est
948 796 205 42 l'unité
1184 796 242 39 d'action
1453 797 59 36 de
1541 802 89 29 nos
1661 791 324 46 classiques!
2021 787 262 50 j'entends
2318 795 86 39 que

395 905 135 39 c'est
559 899 267 54 peut-être
857 902 62 38 la
947 895 328 49 conséquence
1304 897 60 36 du
1394 894 119 39 fait
1545 903 82 37 que
1662 891 64 40 la
1753 888 148 50 pièce
1930 897 34 29 a
1992 885 86 42 été
2110 882 235 44 écourtée
2374 893 92 41 par

707 1002 121 48 peut
858 996 118 43 être
1009 1000 62 39 la
1097 994 328 50 conséquence
1453 995 60 37 du
1540 993 122 39 fait
1694 1001 87 39 que
1812 991 64 38 la
1903 986 148 49 pièce
2080 997 33 29 a
2141 983 88 42 été

383 1102 240 43 écourtée
651 1111 121 40 pour
799 1102 61 39 la
888 1096 442 51 représentation»
1366 1095 91 39 Bnf
1458 1095 59 37 in
1544 1102 59 30 ce
1632 1091 358 41 catholicisme
2023 1087 89 41 est
2142 1088 267 47 grandiose

384 1206 58 41 et
473 1203 264 46 sinistre!
773 1202 58 39 il
856 1200 94 47 n'y
975 1208 36 30 a
1038 1208 89 39 pas
1157 1197 61 39 de
1249 1196 118 49 joie
1388 1196 66 38 de
1485 1194 63 39 la
1573 1193 118 49 vie,
1721 1192 121 39 mais
1870 1198 92 30 une
1993 1188 149 41 sorte
2170 1187 61 39 de
2260 1186 118 50 goût

383 1306 60 38 de
472 1304 65 40 la
565 1302 322 45 souffrance!
919 1298 147 40 c'est
1099 1297 58 39 le
1188 1295 358 39 catholicisme
1573 1292 126 39 noir
1725 1292 58 37 de
1812 1290 274 44 l'Sspa&ae
2114 1295 116 30 avec

383 1400 183 49 lequel
592 1408 120 31 nous
743 1406 176 31 sommes
950 1393 239 42 vraiment
1220 1401 60 30 en
1575 1390 210 47 profond
1816 1396 91 28 sur
1934 1385 149 40 toute
2113 1386 63 37 la
2200 1385 115 39 vie.

384 1501 63 40 la
477 1509 146 29 cônee
657 1499 118 36 tion
804 1499 56 36 de
891 1495 352 40 l'existence.
1277 1489 358 41 Heureusement
1665 1487 180 40 toutes
1874 1492 90 33 nos
1994 1484 148 39 amies
2173 1482 325 46 catholiques

385 1608 61 32 ne
478 1598 116 41 sont
624 1606 88 40 pas
745 1598 117 37 alns
899 1619 20 17 •

657 1698 57 39 Il
745 1695 238 42 faudrait
1013 1702 178 33 encore
1221 1693 118 39 dire
1370 1690 209 49 quelque
1608 1689 153 38 chosê
1787 1695 93 29 sur
1904 1685 67 40 la
1996 1683 178 40 uorale
2204 1681 238 41 sexuelle

390 1801 56 47 qpt
473 1809 37 39 y
539 1798 87 40 est
658 1794 267 49 enseignée
954 1795 59 37 et
1043 1794 90 48 qui
1161 1801 60 29 me
1250 1789 179 51 parait
1462 1797 87 37 pas
1572 1787 274 38 seulement
1873 1805 38 11 —
1936 1794 62 29 en
2022 1794 36 38 y
2086 1780 384 42 réfléchissant

389 1895 296 44 différente
715 1897 59 38 de
805 1895 62 40 la
896 1895 202 46 mienne,
1131 1894 120 37 mais
1284 1899 175 30 encore
1494 1886 379 41 indéfendable!
1907 1883 283 47 l'ofeUgatl
2206 1892 62 29 on
2296 1890 174 32 envers

388 1999 122 39 Bleu
535 2006 35 41 jr
600 1996 89 41 est
718 1991 298 52 zespectéen
1043 1993 63 41 la
1134 1989 235 43 fidélité
1404 1987 172 52 jurée,
1611 1983 328 51 sauvegardée
1969 1986 61 37 du
2057 1983 117 40 fait
2209 1992 86 39 que

391 2108 119 30 ceux
541 2099 88 48 qui
659 2097 106 39 s*si
776 2097 119 37 ment
927 2105 61 28 en
1017 2094 175 38 dehors
1223 2093 63 39 du
1316 2091 118 38 lien
1462 2091 61 37 du
1549 2090 235 46 mariage,
1819 2096 62 29 ne
1909 2086 113 38 font
2059 2095 87 36 pas
2178 2085 238 38 ensemble

390 2197 178 42 l'acte
597 2200 62 37 de
690 2197 173 48 chair,
895 2196 120 39 mais
1047 2193 88 41 Us
1166 2202 58 29 se
1257 2190 294 47 promettent
1576 2198 69 29 un
1672 2186 210 41 éternel
1908 2193 175 40 amour,
2119 2184 86 39 lie
2237 2193 58 30 se

390 2297 358 40 retrouveront
778 2306 62 29 au
866 2294 235 48 paradis{
1137 2293 88 46 Ils
1252 2291 35 48 y
1314 2289 177 41 feront
1521 2287 144 49 l'un,
1701 2286 237 48 l'autre,
1967 2285 123 39 leur
2119 2283 176 41 salut»

511 2399 65 37 On
603 2406 56 29 se
689 2396 30 37 d
748 2397 150 37 mande
928 2395 147 39 alors
1107 2401 90 30 sur
1227 2392 116 49 quoi
1374 2390 148 47 porte
1553 2389 61 39 la
1643 2384 236 43 fidélité
1909 2382 269 43 conservée
2211 2393 20 32 t
2266 2384 180 38 n'est-

395 2506 58 36 ce
483 2505 87 37 pas
601 2493 325 42 l'essentiel
960 2495 88 46 qui
1079 2503 31 29 a
1139 2488 85 43 été
1256 2487 146 43 donné
1435 2489 58 39 et
1523 2489 175 38 devant
1732 2485 151 39 cette
1911 2483 237 42 attitude
2178 2485 59 37 de

394 2595 238 47 l'esprit
664 2604 86 38 que
778 2594 122 39 vaut
928 2593 65 40 la
1019 2588 235 44 fidélité
1286 2591 58 37 de
1375 2590 61 39 la
1465 2588 171 38 chairs
1671 2586 240 46 n'est-il
1941 2593 88 38 pas
2054 2592 68 30 un
2150 2580 295 42 fétichisme

395 2695 243 48 groesier
661 2695 60 37 de
752 2690 269 51 prétendre
1050 2701 87 40 que
1168 2690 62 40 la
1255 2688 152 40 vertu
1439 2686 86 40 est
1555 2684 178 42 sauvée
1762 2693 148 40 parce
1944 2694 87 37 que
2060 2692 58 38 ce
2149 2681 149 49 geste

394 2803 35 31 a
456 2789 87 43 été
576 2789 172 51 évité,
781 2793 150 38 alors
961 2791 88 47 que
1079 2787 328 41 l'essentiel
1436 2786 145 38 avait
1614 2780 89 42 été
1734 2779 173 45 donné*
1939 2781 64 39 On
2027 2790 63 29 me
2113 2777 185 49 répond

399 2900 85 39 que
517 2889 145 40 c'est
697 2890 87 38 tou
814 2889 26 38 e
870 2889 62 38 la
958 2889 181 37 morale
1172 2883 415 42 traditionnelle
1615 2883 58 38 et
1706 2891 85 39 que
1826 2880 56 39 si
1911 2879 209 40 l'homme
2148 2878 149 48 n'est
2326 2888 88 39 pas

396 2988 181 38 maître
605 2989 59 37 de
697 2995 84 39 ses
813 2985 237 47 psxelUT
1079 2985 263 46 passions,
1377 2991 62 29 sa
1463 2977 209 43 volonté
1703 2978 119 49 peut
1853 2978 59 39 le
1943 2977 148 38 faire
2119 2976 178 40 maître

397 3089 62 38 de
489 3095 90 31 son
606 3095 176 38 corps*
