2596 3284
1287 130 60 41 ai

365 229 176 39 outrée
571 247 34 12 —
633 230 60 37 on
723 230 86 35 les
838 228 211 39 fusille
1078 231 147 38 alors
1256 229 152 48 qu'on
1437 230 296 46 emprisonna
1763 231 87 37 les
1884 231 321 46 gaullistes*
2241 233 118 49 Ilty

364 339 34 30 a
425 333 56 34 la
515 330 205 46 quelque
750 329 149 38 chose
929 328 297 48 ifiwnydi
1256 327 327 43 d'humiliant
1610 346 35 12 —
1673 338 59 29 co
1792 329 89 39 eut
1912 329 325 40 wulez-vuus
2268 341 90 39 que

361 430 90 39 les
483 439 83 38 co,
602 439 112 38 eux,
747 437 61 29 ne
839 430 267 36 demandent
1137 436 89 39 pas
1257 430 142 44 plus,
1434 427 60 39 et
1522 430 240 46 pourquoi
1789 437 61 30 se
1882 426 439 54 gàeeraient—ils,

366 529 86 39 ils
482 528 148 40 n'ont
661 528 117 47 plus
809 526 31 39 à
869 528 60 38 le
959 527 172 42 faire*
1169 528 58 38 Il
1255 527 90 40 est
1373 536 151 30 assez
1553 525 207 50 résigné
1791 529 298 40 d'ailleurs
2120 531 178 40 dit—il

361 627 181 41 l'antl
573 635 60 40 oo
663 630 87 45 qui
781 637 57 28 se
870 625 267 49 développe
1167 629 118 37 dans
1314 628 64 39 la
1405 625 298 43 résistance
1734 629 85 39 est
1852 638 119 38 pour
2001 629 267 40 l'instant
2298 633 61 37 le

363 728 118 44 plus
513 728 120 39 beau
663 725 178 40 succès
870 728 58 37 de
959 728 60 40 la
1050 729 294 46 propagande
1375 727 234 41 Darland*
1646 729 55 37 Il
1731 729 240 38 voudrait
1999 727 183 42 lancer
2209 728 31 42 à
2268 732 62 38 la

362 823 299 43 résistance
686 835 66 29 un
780 826 151 47 appel
958 836 121 38 pour
1109 826 206 49 qu'elle
1345 836 59 29 ne
1434 823 208 50 s'égare
1674 837 86 36 pas
1793 830 118 36 dans
1941 826 150 40 cotte
2119 829 146 49 voie,
2297 831 91 38 lui

363 924 151 38 crier
542 932 291 31 casse-cou.
871 924 57 37 Je
958 925 88 37 dis
1077 923 31 38 à
1139 921 235 49 Grégoire
1407 922 117 49 qu'à
1553 933 93 29 mon
1673 925 121 38 avis
1828 932 116 37 pour
1972 921 118 42 dtre
2121 923 268 51 équitable

361 1023 211 49 l'appel
600 1025 208 38 sevrais
840 1023 300 39 s'adresser
1167 1023 31 39 à
1225 1024 63 38 la
1316 1022 117 40 fols
1466 1033 86 29 aux
1579 1032 92 29 uns
1705 1025 55 37 et
1791 1034 91 30 aux
1914 1023 177 41 outres
2121 1044 32 11 -
2182 1025 55 39 il
2265 1037 35 38 y
2328 1036 32 29 a

362 1124 149 39 aussi
540 1124 89 36 des
662 1123 175 39 choses
870 1123 29 37 à
928 1124 120 38 dire
1050 1132 86 33 aux
1167 1132 85 30 oo*

661 1219 235 49 Grégoire
925 1230 60 30 ne
1016 1222 180 48 parait
1227 1231 86 37 pas
1347 1224 237 44 beaucoup
1613 1223 59 39 le
1703 1222 186 49 sentir
1918 1248 19 23 ,
1969 1218 121 43 aûme
2122 1225 116 38 s'il

361 1322 233 39 l'admets
630 1323 88 37 les
749 1332 61 29 oo
840 1322 117 38 sont
988 1323 87 38 les
1108 1323 117 46 plus
1257 1319 233 52 exposés,
1523 1323 88 39 les
1644 1322 116 47 plus
1793 1323 293 50 agissants,
2121 1325 87 38 les
2243 1328 145 37 seuls

361 1420 175 42 réels*
569 1425 62 36 Au
660 1422 121 39 fond
809 1421 179 41 dit-il
1017 1422 243 40 l'avenir
1288 1423 87 38 est
1406 1424 116 37 dans
1554 1422 237 40 l'aocord
1822 1425 62 37 de
1912 1424 122 38 leur
2061 1433 150 31 masse
2241 1427 55 37 et
2329 1426 149 39 celle

361 1522 90 38 des
483 1522 326 47 catholiques
838 1541 33 10 -
899 1521 119 49 qu'y
1047 1523 180 39 a-t-il
1256 1524 61 37 en
1345 1522 201 46 dehors;
1586 1522 58 39 il
1671 1523 150 38 n'est
1851 1532 91 38 pas
1974 1524 238 46 question
2241 1535 120 37 pour

359 1631 122 32 nous
510 1622 242 40 d'entrer
779 1624 120 38 chez
929 1632 84 32 eux
1047 1622 297 42 d'ailleurs
1378 1623 85 39 ils
1493 1632 63 31 ne
1582 1631 120 33 nous
1731 1625 59 38 le
1821 1623 270 39 demandent
2120 1633 113 38 pas*
2267 1626 182 39 Est-ce

362 1721 30 39 à
422 1734 61 37 ça
511 1724 90 37 lui
629 1724 178 46 dis-je
840 1733 87 38 que
957 1724 208 38 revient
1195 1725 60 38 le
1286 1723 115 40 F*H«
1465 1720 236 49 Grégoire
1731 1723 121 38 n'en
1881 1724 179 46 parait
2090 1733 87 38 pas
2211 1725 262 40 autrement

364 1818 115 50 géné
512 1821 86 40 dès
630 1822 267 39 l'instant
929 1822 60 42 oh
1017 1833 60 31 on
1106 1824 89 38 lui
1225 1824 178 39 laisse
1437 1823 59 38 la
1523 1819 327 51 possibilité
1882 1825 59 37 de
1970 1832 64 31 ne
2059 1834 90 37 pas
2179 1824 212 40 adhérer

362 1922 352 40 directement*
746 1924 63 36 Au
839 1923 118 39 fond
991 1925 56 37 il
1075 1924 60 39 le
1169 1924 144 39 tient
1346 1933 89 36 par
1464 1924 61 37 la
1555 1921 270 42 séduction
1854 1924 267 48 qu'exerce
2151 1934 88 39 que
2267 1927 90 40 lui

363 2023 61 39 la
451 2022 390 40 manifestation
868 2024 60 37 de
959 2022 262 41 1*action.
1256 2025 89 40 Que
1376 2023 269 39 fera-t-on
1672 2024 61 37 du
1762 2024 214 45 pouvoir
2006 2035 17 28 s
2061 2024 206 40 comment
2299 2027 149 38 fera-

364 2122 122 39 t-on
512 2122 63 38 la
602 2120 322 43 révolution*
960 2121 236 48 Grégoire
1228 2132 57 30 se
1318 2121 176 40 refuse
1523 2120 31 41 à
1583 2122 242 40 discuter
1851 2131 88 30 ceo
1992 2124 183 39 oints•
2179 2125 238 39 Personne

361 2222 181 38 dit-il
570 2231 59 28 ne
659 2222 65 38 la
751 2223 121 38 fera
897 2230 150 39 parce
1078 2232 89 38 que
1197 2221 147 39 c'est
1376 2222 117 38 tout
1523 2222 59 39 le
1613 2223 180 47 peuple
1823 2223 90 46 qui
1941 2223 65 39 la
2031 2224 141 38 fera*
2209 2223 268 41 l'indivi¬

363 2319 240 40 dualiste
632 2322 88 46 qui
750 2320 83 39 est
870 2321 58 37 en
957 2320 92 39 lui
1076 2320 207 49 rejoint
1317 2320 89 40 ici
1434 2320 149 48 celui
1614 2322 89 46 qui
1731 2321 148 39 croit
1911 2329 61 30 en
1999 2323 61 36 la
2090 2317 322 50 spontanéité

362 2418 88 36 des
483 2418 202 40 foules*
718 2416 148 40 C'est
897 2419 237 46 pourtant
1166 2417 59 39 là
1256 2417 150 40 aussi
1432 2427 92 38 par
1552 2418 123 39 leur
1701 2418 268 39 confiance
2001 2427 58 29 en
2089 2418 148 40 cette
2269 2420 207 47 sponta¬

360 2513 149 41 néité
542 2526 88 38 que
660 2517 87 38 les
778 2525 59 31 oo
868 2517 60 37 le
957 2517 262 40 tiennent*
1252 2519 121 36 Mais
1405 2514 237 49 Grégoire
1671 2517 297 48 pense-t-il
2000 2526 88 39 que
2119 2517 58 38 si
2206 2519 88 38 les
2325 2519 60 38 Ce

363 2614 88 39 ont
478 2623 92 31 une
604 2615 146 40 telle
779 2616 269 39 confiance
1078 2625 59 28 en
1165 2617 62 38 la
1254 2612 325 49 spontanéité
1610 2617 89 37 des
1731 2616 206 47 foules,
1968 2616 148 39 c'est
2145 2624 148 39 parce

363 2713 176 49 qu'ils
571 2714 90 38 ont
687 2723 91 30 une
808 2715 290 47 confiance,
1126 2715 305 38 d'ailleurs
1465 2712 289 50 justifiés,
1790 2724 62 29 en
1880 2715 120 38 leur
2028 2715 235 46 aptitude
2295 2717 30 39 à

365 2812 266 48 exploiter
660 2814 146 37 cette
840 2812 351 48 sponranéité.
