2596 3284
1301 126 61 39 22

622 329 214 41 Dgj&Ig&
861 327 126 41 JQU&
1007 346 35 11 —
1129 326 118 40 J'ai
1278 326 119 40 fini
1424 325 64 39 la
1514 324 181 47 petite
1724 325 239 46 esquisse
1991 321 121 39 d'un
2140 330 267 38 programme

445 428 148 51 signé
624 430 256 38 ThimeraiS
894 439 83 36 que
1009 428 92 38 a*a
1129 425 118 49 posé
1277 426 211 40 Madelin
1523 449 18 15 •
1577 426 60 37 Je
1666 425 85 41 lui
1785 424 61 38 ai
1875 421 88 40 dit
1993 429 93 30 dos
2116 422 231 37 senfloent

445 533 89 46 qui
563 540 62 29 me
654 530 176 47 parait
863 524 147 43 fondé
1044 527 88 38 "ca
1159 534 57 29 ne
1248 534 151 32 oasoe
1426 523 173 40 rien*.
1635 523 63 40 On
1725 523 238 40 retrouve
1994 529 62 30 en
2085 531 144 29 somme
2261 530 59 28 ce

445 638 273 40 programme
742 628 124 38 d'un
895 628 262 37 intervent
1162 625 237 39 ioxiste
1428 620 179 44 modété
1638 632 118 30 avec
1784 621 239 40 certaine
2052 620 360 40 nationalisa*

445 729 122 40 tioa
595 730 59 39 et
683 730 59 37 de
772 729 32 37 l
810 729 19 23 f
836 726 235 40 économie
1098 722 181 52 privée
1310 733 89 40 que
1427 732 118 31 nous
1576 731 148 31 avons
1755 720 208 41 maintes
1994 720 117 38 fois
2144 728 178 31 cornue
2350 722 147 36 avant

445 829 269 48 guerrs'la
742 827 301 40 motivation
1044 826 12 23 1
1056 826 14 22 *
1102 825 87 40 est
1217 824 57 39 d*
1282 826 45 38 si
1339 825 178 39 Heure
1547 822 174 50 finie»
1755 819 119 42 même
1905 821 327 46 lorsqu'elle
2261 818 149 39 n'est

448 939 86 38 pas
562 928 274 40 nouvelle*
867 928 54 37 il
950 938 32 36 y
1012 937 32 26 a
1070 928 89 36 des
1192 925 236 47 analyses
1456 922 419 49 psychologiques
1905 929 92 30 sur
2024 917 361 51 l'expérience

446 1029 211 41 sociale
684 1029 90 48 qui
804 1026 118 42 sont
952 1023 354 43 excellentes.
1341 1025 61 38 Je
1432 1025 176 37 trouve
1641 1021 145 48 qu'il
1817 1021 90 37 est
1932 1027 67 31 un
2027 1027 89 37 peu
2143 1017 154 50 léger
2322 1020 60 36 de

445 1129 150 38 faire
628 1127 239 46 imprimer
894 1122 356 50 illégalement
1282 1132 116 30 avec
1428 1122 298 47 lesrlsques
1758 1130 89 39 que
1876 1121 123 39 cela
2026 1118 264 50 comporte»

444 1227 90 38 des
566 1226 178 39 textes
777 1225 147 38 aussi
955 1223 230 48 anodins»
1218 1224 121 37 mais
1370 1220 211 40 ceux-ci
1608 1227 61 31 ne
1697 1230 61 27 me
1787 1217 298 50 paraissent
2114 1216 268 40 nullement

447 1321 385 42 rfaédibitolree
864 1330 122 40 pour
1014 1322 121 38 leur
1163 1320 202 48 auteur»
1402 1320 57 38 et
1492 1322 57 44 je
1577 1327 61 29 ne
1668 1318 119 39 vois
1817 1326 88 39 pas
1936 1318 210 46 pouquol
2176 1325 61 30 on
2264 1324 60 29 ne

447 1424 179 39 ferait
657 1432 86 37 pas
770 1431 67 28 un
867 1421 117 39 bout
1010 1421 63 37 de
1104 1420 179 38 chemin
1310 1418 242 39 ensemble
1577 1435 35 13 —
1639 1426 60 29 ce
1730 1417 88 47 qui
1844 1426 62 28 me
1935 1415 181 48 parait
2143 1415 264 46 convenir»

447 1523 148 39 c'est
625 1524 151 37 moins
804 1523 63 38 la
895 1521 206 40 formule
1133 1519 119 38 d'un
1282 1521 150 46 parti
1460 1528 212 29 nouveau
1697 1526 124 40 pour
1849 1517 178 47 lequel
2056 1525 118 30 nous
2204 1516 208 38 n'avons

447 1622 120 42 tout
597 1624 58 38 le
716 1619 30 42 6
777 1632 27 29 e
834 1630 87 39 pas
953 1623 88 38 des
1074 1621 148 40 liens
1251 1628 149 32 assez
1433 1619 205 40 stables
1670 1617 147 43 entre
1847 1626 145 40 nous»
2024 1619 120 37 mais
2174 1617 63 40 la

448 1723 206 40 formule
687 1721 148 41 d'une
862 1722 294 48 coalition»
1192 1720 150 39 d'une
1366 1721 154 38 union
1550 1719 297 46 temporaire
1877 1726 123 39 pour
2026 1718 89 37 dos
2145 1718 117 38 buts

447 1824 119 39 dont
596 1833 119 29 nous
744 1830 179 31 sommes
953 1817 148 52 prêts
1132 1818 31 40 à
1190 1829 120 30 nous
1342 1819 210 47 compter
1578 1817 419 49 provisoirement
2025 1816 295 50 aspirants»

448 1933 87 39 que
566 1926 122 37 leur
720 1923 350 38 Insuffisance
1101 1921 301 47 apparaîtra
1431 1928 116 31 avec
1579 1920 60 37 le
1671 1920 145 44 temps
1847 1917 31 39 à
1905 1926 90 30 nos
2028 1918 116 37 sois
2178 1914 288 42 eux—sèmes*

687 2022 118 39 J'ai
833 2031 63 30 vu
924 2021 207 40 l'autre
1166 2025 119 42 jour
1311 2022 58 38 le
1401 2019 211 40 soulier
1638 2020 62 38 de
1730 2018 174 41 satin*
1934 2017 122 40 Dieu
2081 2019 179 47 merel»
2294 2026 63 30 on
2381 2025 62 28 ne

448 2132 149 38 pense
627 2132 89 38 pas
748 2122 176 49 qu'aux
956 2123 236 38 affaires
1221 2119 326 49 politiques»
1581 2119 59 37 et
1669 2118 179 39 devant
1879 2126 54 29 ce
1968 2116 267 46 spoctable
2264 2125 63 31 on
2352 2125 33 28 a

450 2221 117 40 tout
597 2223 58 37 de
683 2219 125 41 marné
834 2220 360 49 l'impression
1224 2218 146 48 qu'il
1397 2230 35 36 y
1459 2228 32 26 a
1552 2228 148 29 ncore
1728 2219 89 36 des
1847 2218 180 38 choses
2053 2218 120 45 plus
2203 2216 209 47 grandes

450 2331 87 39 que
565 2331 91 30 nos
687 2321 176 48 petits
897 2322 176 38 soucis
1105 2319 296 50 quotidiens
1431 2337 32 10 -
1489 2326 63 31 on
1581 2318 87 38 est
1698 2315 150 42 monté
1877 2319 59 35 de
1967 2315 236 51 quelques
2236 2312 231 49 étages••

448 2422 62 38 le
540 2422 205 37 tumulte
774 2422 61 37 de
864 2419 240 41 l'alerte
1134 2421 87 47 qui
1251 2430 32 27 a
1311 2415 147 52 coupé
1490 2418 61 38 la
1580 2415 325 49 représentât
1912 2417 86 38 ion
2052 2425 34 29 o
2114 2414 237 48 parvient
2382 2423 87 37 pas
2501 2411 19 43 k

445 2529 121 31 nous
597 2521 148 38 faire
777 2518 212 41 oublier
1014 2529 59 28 ce
1102 2527 120 38 coup
1254 2517 200 40 d'aile*

687 2620 62 47 Lp.
776 2619 118 38 mise
924 2628 61 28 en
1015 2617 146 40 scène
1192 2616 90 39 est
1313 2616 292 49 brillants»
1640 2617 172 45 riche»
1847 2615 63 38 le
1937 2612 149 40 texte
2114 2615 144 39 beau*
2291 2613 212 39 Claudel

451 2717 86 39 est
570 2715 293 41 évidemment
894 2715 61 40 le
985 2716 118 47 plus
1133 2715 148 48 grand
1310 2715 208 47 lyrique
1549 2713 91 37 fra
1638 2722 33 28 n
1669 2723 61 40 ça
1730 2713 31 38 i
1759 2722 31 29 s
1815 2710 206 49 vicant»
2052 2708 122 41 même
2199 2721 67 30 un
2293 2712 87 37 des

444 2813 122 47 plus
598 2816 177 45 grands
808 2822 87 39 que
923 2823 119 30 nous
1074 2821 145 40 ayons
1253 2822 60 29 eu
1340 2812 177 47 depuis
1550 2811 291 47 longtemps*
1874 2809 63 38 La
1963 2808 210 40 matière
2205 2808 234 48 première

450 2913 61 39 de
539 2915 60 38 la
629 2911 236 49 plèoeest
896 2912 118 40 donc
1047 2913 116 40 foirt
1194 2911 148 41 belle
1373 2912 57 38 et
1460 2919 62 30 on
1550 2912 119 37 aime
1699 2909 30 40 à
1758 2911 63 38 la
1845 2910 124 39 voir
1997 2910 179 38 couler
2203 2909 178 39 devant

451 3020 87 29 ses
567 3023 32 36 y
601 3021 113 30 eus*
749 3012 57 37 Je
835 3019 59 29 ne
925 3021 118 37 peux
1076 3011 114 38 tout
1222 3010 58 36 de
1341 3005 88 43 éme
1459 3016 88 39 pas
1577 3008 122 38 dire
1729 3019 86 37 que
1846 3005 148 41 c'est
2023 3003 65 41 là
2111 3006 61 39 le
2201 3013 148 40 genre
