2596 3284
1371 130 59 42 24

594 332 33 34 A
653 336 94 31 Bon
774 330 119 37 sens
924 329 59 37 il
1011 329 150 39 n*est
1189 338 90 38 pas
1308 330 122 38 vrai
1460 333 88 43 que
1578 332 208 37 1*housse
1817 329 117 42 soit
1967 332 60 39 si
2053 330 208 42 dénarmé

356 428 178 39 devant
568 437 86 29 sas
684 429 264 47 passions,
982 436 63 31 on
1071 430 120 37 aine
1218 426 121 48 même
1370 429 539 49 psychologiquement—
1938 440 86 39 quo
2055 441 60 37 pa
2143 442 58 27 ce
2234 432 149 49 qu'on

358 526 208 39 consent
592 534 65 31 un
683 526 96 48 peu
802 526 34 39 à
864 529 174 46 aimer,
1071 528 60 37 et
1162 527 60 39 si
1247 526 125 41 l*on
1396 536 62 29 ne
1487 529 120 46 peut
1635 538 91 38 pas
1756 528 120 40 a*en
1902 527 270 55 défendra,
2201 529 32 51 à
2263 533 118 47 quoi

359 625 143 50 sert,
537 628 59 47 je
623 635 63 32 ne
712 628 91 38 dis
832 635 89 39 pas
952 627 356 47 pratiquement
1315 652 19 23 f
1367 629 120 36 mais
1518 630 321 45 moralement,
1875 630 60 37 de
1965 631 180 45 garder
2172 631 60 39 le
2255 632 155 38 trait

356 727 298 48 accessoire
685 728 148 47 quand
861 735 65 31 on
953 738 32 27 a
1012 725 146 41 donné
1190 727 354 41 l'essentiel*

1383 755 223 69 Teitgen

654 827 147 36 SUITE
833 827 120 37 DISE
981 827 117 37 AVEC
1133 828 210 36 T&ISTAff
1366 845 38 13 —
1426 829 91 37 Une
1547 829 118 38 fois
1696 831 60 36 de
1787 829 117 45 plus
1938 829 58 38 il
2027 830 145 39 s'est
2203 832 177 46 plaint
2411 831 33 39 à

353 928 94 38 mol
475 928 60 37 de
564 927 63 39 la
653 928 239 38 mauvaise
922 928 92 39 fol
1041 929 89 38 des
1160 937 61 29 oo
1250 930 118 36 dans
1400 928 86 38 les
1518 928 387 41 conversations
1935 938 119 31 avec
2084 931 118 49 lui,
2232 940 63 30 on
2321 941 61 29 ne

357 1029 114 37 sait
506 1028 175 45 jamais
713 1036 57 29 ce
803 1026 146 49 qu'il
979 1028 119 37 faut
1132 1028 207 38 retenir
1369 1029 57 37 de
1457 1028 148 39 leurs
1635 1029 235 48 paroles*

623 1126 62 40 Je
712 1127 90 38 lui
830 1126 90 39 dis
981 1126 60 39 le
1070 1127 120 39 bien
1219 1139 89 37 que
1341 1129 55 46 je
1427 1136 149 39 pense
1608 1130 56 37 de
1694 1128 90 39 l'e
1813 1128 211 41 oellent
2054 1130 208 40 article

357 1227 87 47 qui
476 1236 32 28 a
533 1234 121 39 paru
673 1226 29 38 d
714 1236 85 29 ans
833 1229 86 36 les
950 1227 178 39 cahirs
1159 1228 320 47 politiquest
1516 1226 299 43 réflexions
1844 1228 125 39 d'un
1993 1228 298 50 catholique
2320 1232 117 38 dans

355 1328 64 36 la
444 1335 32 27 r
503 1326 262 40 sistancei
804 1327 58 47 je
891 1327 90 38 lui
1013 1326 205 50 indique
1251 1337 85 38 que
1367 1327 89 39 les
1481 1327 363 40 affirmations
1874 1328 299 42 favorables
2202 1331 58 37 de
2291 1330 59 40 la

355 1425 446 48 proportionnelle
834 1425 233 40 scolaire
1100 1429 114 46 qui,
1249 1426 324 47 personnelle
1608 1427 84 37 ont
1723 1437 60 29 ne
1811 1437 63 28 ms
1903 1429 178 47 choque
2111 1439 86 37 pas
2230 1430 265 51 beaucoup,

352 1523 268 48 dérangent
653 1536 59 28 au
741 1524 271 42 contraire
1039 1524 235 40 certains
1308 1527 58 36 de
1400 1534 84 29 ses
1517 1527 143 39 amis*
1693 1526 213 39 Tristan
1934 1536 93 29 star
2051 1536 60 29 oe
2140 1528 148 48 point
2321 1529 86 38 est

354 1620 118 43 très
504 1622 323 49 conciliant,
862 1624 150 39 selon
1039 1624 90 39 lui
1158 1624 62 39 la
1248 1623 224 48 pzoportl
1486 1624 207 40 onnelle
1712 1624 224 40 molaire
1960 1632 63 32 ne
2052 1634 107 31 cosb
2173 1626 146 39 titue
2349 1636 87 39 pas

349 1731 68 29 un
442 1722 211 39 minimum
684 1722 296 47 intangible
1011 1721 57 39 et
1102 1724 57 37 il
1190 1724 86 36 est
1309 1719 116 49 prit
1456 1721 31 41 à
1516 1724 148 38 faire
1694 1726 90 35 des
1815 1727 324 37 concessions
2170 1724 31 39 à
2233 1735 89 28 son
2352 1727 150 47 suÿt—

356 1820 116 38 c'ee
529 1829 94 31 une
652 1823 122 38 base
798 1822 64 38 de
889 1819 179 50 départ
1092 1823 125 38 dans
1248 1831 88 29 ses
1366 1824 300 38 discuaioas
1693 1842 36 10 —
1752 1824 65 37 la
1847 1831 177 37 grosse
2053 1824 206 39 affaire
2290 1826 148 38 reste

354 1921 60 38 de
446 1921 148 38 savir
623 1920 61 39 si
710 1930 119 30 nous
853 1930 186 30 serons
1068 1923 237 44 capables
1337 1923 57 36 de
1425 1917 242 45 réaliser
1693 1923 63 38 la
1784 1920 297 42 révolution
2112 1934 88 37 que
2229 1932 117 31 nous

351 2019 240 40 voulons*
623 2019 118 40 J'ai
771 2017 201 51 résumé,
1008 2030 59 29 me
1098 2021 208 46 dit—il,
1336 2021 150 39 ainsi
1515 2022 60 39 la
1606 2022 260 48 question}
1905 2022 60 38 il
1992 2023 177 47 s'agit
2199 2024 59 38 do

355 2120 181 39 savoir
565 2119 58 38 si
652 2120 31 38 G
769 2120 175 49 devra,
978 2129 122 39 pour
1127 2129 58 29 se
1219 2122 144 38 faire
1396 2115 150 46 élire
1573 2123 122 37 ehes
1723 2123 90 37 les
1841 2131 62 29 oo
1933 2130 62 31 cm
2022 2132 61 30 se
2102 2124 217 39 faisant

353 2219 149 38 ainsi
532 2219 240 41 violence
799 2219 31 40 à
858 2217 239 44 lui-même
1129 2222 56 39 et
1217 2230 62 30 en
1309 2222 57 37 se
1396 2218 120 49 défi
1518 2223 200 47 jurant,
1753 2232 61 30 ou
1843 2219 121 44 s'il
1991 2224 57 40 éb
2081 2232 119 30 sera
2232 2223 175 42 réduit

352 2327 124 38 pur
504 2316 31 40 à
560 2318 151 41 voter
742 2329 118 37 peur
889 2321 146 38 Jules
1067 2319 122 42 i-loeh
1218 2330 61 29 en
1304 2329 59 28 ne
1395 2322 58 36 se
1485 2322 205 39 faisant
1720 2333 90 36 pas
1839 2323 149 38 moins
2019 2325 237 37 violence
2287 2321 32 41 à

353 2415 264 45 lui-même*
651 2420 58 38 Je
741 2421 57 37 le
829 2420 260 47 remercie;
1125 2421 63 40 la
1217 2422 239 46 question
1485 2422 87 39 est
1604 2432 62 29 en
1694 2422 146 39 effet
1872 2431 148 31 asses
2051 2424 119 38 bien
2198 2421 149 50 posée

354 2518 175 40 ainsi*

561 2617 122 42 JHKJX
711 2620 146 37 JOUES
886 2620 148 40 APRES
1065 2639 33 11 -
1125 2621 209 39 Creuset
1363 2618 209 50 prétend
1603 2633 87 37 que
1721 2623 88 37 les
1838 2618 357 50 négociations
2226 2625 211 40 finlan¬

351 2717 205 49 daises,
591 2721 85 44 qui
712 2719 116 39 sont
858 2715 294 44 évidemment
1186 2729 59 30 en
1274 2730 56 27 ce
1363 2724 173 35 moment
1570 2723 61 38 la
1655 2730 185 37 grosse
1867 2723 175 47 chose,
2075 2721 267 41 n'intéres
2373 2725 88 40 est

349 2825 91 38 pas
473 2825 89 37 que
590 2816 61 40 la
679 2818 92 37 Fin
769 2818 88 38 lan
857 2820 25 34 d
888 2828 27 28 e
945 2819 59 37 et
1036 2817 292 42 1*U*R«3*3*
1361 2821 118 36 mais
1513 2821 236 38 seraient
1779 2821 150 39 aussi
1955 2817 179 45 menées
2165 2822 30 38 à

353 2915 268 39 Stockholm
649 2926 123 39 pour
799 2918 56 37 le
887 2919 176 45 compte
1095 2919 59 38 de
1183 2917 326 47 l'Alleoagne
1542 2921 170 37 aussi.
1748 2921 59 37 Ce
1837 2920 148 38 n'oafc
2019 2919 291 43 évodemment
2341 2934 88 38 pas
