2596 3284
1108 227 55 41 14

1019 334 59 34 En
1110 330 225 50 réalité,
1372 342 115 27 ceux
1516 335 88 45 qui
1633 334 204 37 ▼•oient
1868 327 118 46 être
2015 338 85 33 des
2123 335 297 49 militants,

492 447 57 27 se
577 438 202 36 mettent
811 436 31 38 à
872 437 233 38 certains
1133 439 204 35 moments
1370 439 57 37 de
1456 439 121 37 leur
1602 441 87 36 rie
1720 449 90 28 aux
1837 435 234 44 enchères
2081 450 15 37 ;
2128 443 119 36 nais
2277 450 59 28 ce

487 541 147 39 n'est
667 552 84 33 pas
783 551 114 29 arec
931 543 55 38 de
1016 542 235 46 l'argent
1281 544 146 45 qu'on
1455 544 88 38 les
1573 541 200 50 achète,
1807 545 145 38 a'est
1985 555 112 28 avec
2128 556 60 27 un
2218 544 205 46 complé¬

487 647 119 37 ment
637 647 56 39 du
723 647 291 38 sacrifices
1048 648 145 45 qu'on
1221 649 120 36 leur
1369 650 204 36 demande
1606 649 142 46 qu'on
1778 651 87 36 les
1896 652 172 41 prend.

1017 752 117 40 J'ai
1167 753 174 39 refait
1369 752 31 38 à
1429 755 145 46 Janzy
1602 764 91 28 non
1721 755 117 44 topo
1869 765 91 29 sur
1984 758 58 37 le
2077 757 112 38 rôle
2220 757 60 36 du
2310 758 142 42 parti

491 858 57 37 de
576 859 62 37 la
668 855 313 43 résistance*
1020 858 55 38 Il
1102 859 92 36 n'a
1225 854 198 52 écouté,
1455 858 91 39 n'a
1575 859 87 39 dit
1691 860 146 46 qu'il
1868 858 145 41 était
2046 859 290 40 éridenaent

492 960 342 50 intéressant,
872 965 57 36 de
959 964 178 38 tenter
1164 964 237 38 d'amener
1425 965 89 37 les
1546 967 202 37 classes
1778 975 235 37 moyennes
2044 965 30 38 à
2101 968 62 37 la
2189 964 293 42 résistance

488 1071 118 36 nais
637 1077 86 39 que
756 1071 55 45 je
842 1070 174 37 devais
1045 1065 148 43 Mené
1223 1072 291 40 comprendre
1547 1080 87 37 que
1659 1072 116 46 lui,
1809 1073 86 44 qui
1926 1072 145 38 avait
2105 1070 138 39 donné
2279 1081 87 29 son

491 1171 232 40 adhésion
753 1175 146 37 voici
932 1174 55 42 55
1017 1183 87 29 ans
1136 1173 30 38 à
1193 1184 59 28 un
1282 1174 144 44 parti
1457 1175 115 38 dont
1603 1175 261 39 l'article
1898 1176 57 38 de
1985 1178 87 36 fol
2103 1174 144 41 était
2278 1177 236 39 d'affir¬

488 1286 92 28 mer
608 1287 58 28 un
697 1271 114 46 rôle
838 1278 296 47 historique
1164 1278 30 37 à
1220 1280 61 37 la
1312 1281 172 36 classe
1517 1278 257 49 ouvrière,
1806 1291 59 27 ne
1897 1281 205 44 pouvait
2132 1292 86 33 pas
2252 1282 201 38 s'atta¬

491 1386 117 34 cher
637 1383 438 39 essentiellement
1104 1383 30 38 à
1163 1394 87 28 une
1282 1381 263 48 opération
1575 1384 320 41 intéressant
1925 1387 87 38 les
2045 1389 202 37 classes
2276 1397 88 28 mo¬

487 1498 199 37 yennes*

1015 1595 58 37 Le
1104 1596 117 38 fait
1251 1597 85 38 est
1369 1599 144 36 aussi
1545 1598 143 47 qu'il
1717 1608 59 27 ne
1807 1598 145 37 orolt
1987 1608 84 34 pas
2102 1608 58 28 en
2187 1601 61 36 la
2277 1597 176 42 résis¬

491 1701 164 39 tance.
692 1703 199 40 Ella..*
925 1710 60 28 me
1013 1702 91 39 l'a
1133 1698 231 43 confirmé
1396 1706 30 32 -
1456 1705 289 36 Evidemment
1778 1705 56 36 il
1867 1714 56 27 en
1955 1705 114 38 tire
2103 1707 340 38 son...été...

485 1808 117 35 mais
637 1807 55 38 il
722 1807 84 37 est
841 1804 230 46 persuadé
1104 1818 85 36 que
1218 1809 59 37 le
1306 1809 116 36 1end
1426 1810 144 37 «sain
1602 1810 55 37 de
1686 1810 62 37 la
1776 1808 319 51 libération,
2128 1812 117 37 cela
2275 1811 176 38 fondra

487 1920 142 27 comme
664 1915 143 42 neige
838 1923 59 26 au
927 1914 198 46 soleil,
1163 1916 172 35 chacun
1367 1914 260 46 rejoindre
1659 1924 86 27 son
1778 1914 141 44 parti
1954 1916 285 47 politique,
2272 1917 59 37 le

489 2017 114 43 plus
634 2018 201 37 souvent
865 2019 88 37 les
984 2020 229 47 anciens,
1249 2019 54 38 et
1333 2020 89 37 lui
1450 2029 61 28 ne
1539 2020 118 37 veut
1687 2030 85 34 pas
1808 2022 261 45 rejoindre
2095 2023 61 37 le
2185 2021 109 41 P*S*

142 2070 45 55 £
237 2089 10 14 /
1102 2078 38 40 >J.
1150 2081 46 33 c&t
1207 2074 135 45 V(?£~C<jl
1520 2072 16 56 J

145 2106 197 59 peuvo<>
485 2121 146 38 MARDI
660 2137 30 16 •
719 2124 60 36 Tu
810 2123 56 38 et
897 2133 116 27 revu
1040 2125 229 41 Madelin*
1307 2126 57 35 On
1394 2135 30 27 a
1452 2122 146 47 parlé
1629 2128 86 35 des
1747 2123 317 52 évènements,
2127 2127 115 38 tout
2270 2129 60 36 le
2359 2131 147 35 monde

487 2235 56 27 se
576 2227 113 37 rend
720 2228 175 42 compte
927 2229 56 36 de
1012 2237 59 28 ce
1104 2229 143 46 qu'il
1276 2229 88 48 n'y
1394 2239 118 28 aura
1543 2239 84 35 pas
1658 2232 56 35 de
1746 2228 348 48 débarquement
2127 2230 144 39 avant
2299 2233 145 50 Juin,

483 2332 119 37 mais
630 2333 61 37 la
720 2333 234 46 question
984 2333 86 38 est
1102 2336 56 36 de
1189 2336 176 37 savoir
1395 2335 113 38 s'il
1536 2346 31 37 y
1600 2346 57 27 en
1685 2346 118 27 aura
1831 2345 59 28 un
1921 2336 84 38 oet
2040 2334 108 51 été,
2184 2347 57 29 ce
2273 2340 85 44 qui

488 2436 172 43 parait
686 2438 296 37 maintenant
1009 2441 148 36 moins
1190 2440 202 38 certain
1424 2441 143 45 qu'il
1593 2450 31 38 y
1657 2450 29 28 a
1716 2442 230 45 quelques
1980 2445 230 35 semaines
2219 2446 82 38 «Au
2329 2444 114 37 fond

487 2541 56 38 il
570 2542 149 38 n'est
750 2544 114 42 plus
898 2543 202 38 certain
1131 2555 85 35 que
1248 2547 55 38 44
1337 2545 113 38 soit
1479 2546 60 37 la
1570 2542 231 42 dernière
1832 2543 146 41 année
2009 2549 57 37 de
2096 2557 198 36 guerre*
2331 2550 144 36 Comme

482 2647 114 46 mil.
628 2648 207 38 Madelin
868 2657 140 34 pense
1041 2649 143 46 qu'il
1216 2649 84 38 est
1332 2646 114 40 très
1479 2650 259 43 plausible
1772 2660 84 36 que
1887 2652 88 37 les
2005 2650 409 47 Anglais-améri¬

483 2753 144 35 cains
660 2762 55 27 se
747 2753 289 37 contentent
1068 2754 145 37 cette
1243 2751 145 40 année
1420 2754 145 39 d'une
1596 2756 143 36 autre
1770 2753 262 45 opération
2064 2755 348 46 préparatoire

483 2862 144 29 comme
658 2856 88 38 l'a
776 2854 85 40 été
892 2858 145 37 celle
1068 2858 58 39 de
1154 2855 283 49 l'Algérie:
1479 2860 85 38 ils
1595 2861 348 43 occuperaient
1973 2872 88 27 une
2093 2861 172 45 partie
2296 2865 57 34 de

482 2958 284 47 l'Espagne*
833 2964 29 35 A
891 2961 312 45 l'argument:
1247 2963 139 37 "mais
1417 2961 30 37 à
1477 2965 115 44 quoi
1623 2966 118 36 cela
1767 2966 119 36 leur
1915 2965 375 49 servirait-il,
2324 2966 85 37 les
