2596 3284
1068 215 33 37 -
1133 213 54 43 17
1216 230 32 14 -

488 427 233 38 doctrine
752 426 57 37 do
841 433 85 29 son
957 422 144 45 parti
1131 432 58 29 oo
1219 423 87 47 qui
1336 422 234 46 expliqua
1601 421 145 38 toute
1777 428 86 30 son
1894 419 252 39 attitude:
2186 429 57 28 oe
2274 428 86 37 que

485 542 117 28 nous
632 532 206 37 roulons
866 531 147 37 faire
1040 540 62 29 ne
1132 525 322 43 l'intéresse
1485 537 85 35 pas
1603 526 99 39 etl
1727 528 165 44 'agace
1923 517 117 47 même
2069 542 30 12 -
2129 525 56 39 il
2215 524 117 39 faut
2365 533 57 28 ou

487 640 118 37 "bien
635 630 113 44 être
783 646 110 27 arec
925 636 89 37 lui
1043 652 30 13 -
1104 644 57 28 ou
1191 641 114 32 arec
1336 634 58 37 le
1425 634 345 43 capitalisas*
1781 632 52 39 H
1865 632 115 36 veut
2011 631 118 38 bien
2159 633 231 35 conclure

489 745 83 36 des
605 744 143 36 axais
753 742 143 37 tices
927 750 113 26 avec
1075 750 56 28 ce
1161 740 229 45 dernier,
1423 740 118 36 maie
1569 747 92 29 non
1690 747 113 28 avec
1836 747 118 28 oeux
1986 736 140 49 qu'il
2157 745 176 29 accuse

488 849 325 44 d'organiser
839 848 60 36 la
928 845 284 39 confusion*
1248 844 148 39 Toute
1424 844 62 38 la
1515 844 234 45 question
1779 842 86 40 est
1895 843 58 36 de
1985 843 174 36 savoir
2188 844 57 35 si
2274 842 177 37 l'his¬

490 955 143 36 toire
663 954 88 37 lui
784 953 204 36 donnera
1019 953 194 37 raison*
1250 955 31 34 A
1308 957 89 29 ioon
1426 951 118 36 avis
1574 948 115 39 s'il
1718 948 89 48 n'y
1836 957 31 28 a
1895 948 235 36 vraiment
2161 957 86 36 que
2275 947 88 38 lui

490 1067 119 36 pour
631 1058 183 38 lutter
842 1056 173 38 contre
1045 1057 58 37 le
1136 1055 344 46 capitalisas,
1515 1054 146 38 c'est
1694 1063 55 28 ce
1780 1054 207 37 dernier
2016 1054 84 45 qui
2133 1058 115 32 sera
2277 1052 146 37 vain¬

491 1174 147 37 queur
666 1173 57 28 ou
753 1160 173 48 plutôt
956 1161 149 38 c'est
1131 1156 294 44 l'huaanlté
1458 1162 86 44 qui
1574 1168 118 29 sera
1719 1162 229 35 vaincue*

489 1271 60 32 LS
577 1269 264 34 LBBDKKAIM
870 1284 31 15 -
901 1268 175 34 Bdaond
1107 1269 85 44 qui
1224 1265 85 40 est
1339 1266 59 36 Oo
1429 1266 116 36 voit
1576 1261 290 41 évideaaent
1897 1264 88 37 les
2017 1263 172 37 choses
2219 1258 178 42 diffé¬

494 1374 201 38 rassent
725 1390 30 13 -
782 1381 91 29 non
904 1374 113 36 seul
1021 1373 144 37 «sent
1196 1371 173 38 dit-il
1402 1371 57 37 il
1487 1371 89 46 n'y
1607 1380 30 28 a
1667 1379 85 37 que
1782 1377 118 29 nous
1930 1368 87 47 qui
2046 1369 176 36 dessin
2253 1370 145 41 puis¬

495 1483 141 35 sions
670 1487 235 30 reverser
930 1477 60 38 le
1021 1474 174 48 réglas
1227 1477 344 44 capitaliste,
1603 1477 119 36 sais
1756 1483 174 29 encore
1960 1470 86 41 dès
2076 1472 322 48 aujourd'hui

491 1594 117 28 nous
640 1593 174 30 soases
844 1585 60 37 la
933 1583 145 38 seule
1107 1582 147 38 force
1285 1577 175 43 réelle
1490 1582 116 36 dans
1634 1582 63 36 la
1723 1578 147 39 lutte
1900 1578 175 38 dantre
2105 1577 323 46 1'Allemagne
2455 1592 32 14 -

495 1692 144 37 alors
673 1691 54 38 il
758 1688 116 41 faut
904 1680 117 48 être
1052 1697 112 29 avec
1195 1697 118 29 nous
1345 1689 57 35 si
1433 1694 58 29 on
1520 1697 30 27 a
1575 1687 61 38 le
1667 1685 116 47 goût
1814 1685 57 37 de
1898 1685 63 38 la
1987 1686 89 37 vie
2106 1685 116 44 quel
2254 1693 86 37 que

496 1795 115 39 soit
638 1796 58 38 le
728 1791 198 43 défaut*
962 1797 59 35 Bn
1053 1803 143 28 sonne
1225 1801 116 30 vous
1373 1801 117 28 aves
1520 1790 175 40 devant
1724 1800 116 27 vous
1869 1799 89 28 une
1992 1790 142 47 jolie
2163 1789 148 38 fille
2342 1788 85 47 qui

497 1901 84 39 est
612 1911 57 27 en
699 1901 148 38 train
876 1901 56 37 de
961 1901 240 37 labourer
1228 1900 56 37 et
1315 1899 86 45 qui
1434 1897 86 39 est
1551 1900 56 36 si
1639 1894 204 46 occupée
1872 1897 58 36 de
1963 1904 84 29 son
2076 1894 206 39 travail
2313 1894 198 47 qu'elle

493 2006 91 38 n'a
614 2014 85 35 pas
726 2008 62 37 le
817 2006 145 44 teaps
994 2006 58 37 de
1083 2015 57 28 se
1167 2002 289 42 décrotter*
1489 2005 33 36 A
1552 1998 113 41 côté
1696 2010 118 31 voue
1842 2011 118 27 aves
1987 2009 90 29 une
2107 2009 234 38 garçonne

496 2113 198 46 vernie,
733 2109 229 45 parfumée
995 2119 115 29 sans
1141 2112 143 37 doute
1314 2112 117 35 saie
1461 2108 115 39 tout
1610 2111 56 36 de
1693 2099 119 46 même
1843 2104 147 41 ridée
2019 2107 57 39 et
2106 2103 231 50 flétrie,

494 2217 234 43 laquelle
758 2215 146 40 ailes
934 2224 117 29 vous
1080 2217 149 37 aiser
1260 2216 26 36 ?
1317 2214 144 37 Toute
1490 2215 62 37 la
1579 2213 235 48 question
1844 2212 85 39 est
1959 2211 80 41 là*
2074 2211 61 39 Je
2165 2210 203 46 réponde

496 2331 86 37 que
614 2323 54 45 je
701 2322 230 37 donnerai
962 2319 30 38 à
1020 2322 62 37 la
1113 2321 143 48 jolie
1285 2319 145 39 fille
1459 2319 61 38 le
1550 2319 143 44 tempe
1726 2320 57 36 de
1816 2328 55 29 se
1902 2315 266 40 décrotter
2193 2317 117 39 tout
2340 2318 58 37 de

495 2416 142 57 mène,
671 2430 115 33 sais
819 2428 60 37 si
905 2426 119 38 elle
1050 2425 118 38 n'en
1199 2435 31 28 a
1259 2433 85 36 pas
1372 2425 61 37 le
1464 2424 145 44 tespe
1637 2434 58 28 se
1727 2423 175 39 dit-il
1938 2446 44 16 ••
2019 2431 114 29 voue
2162 2422 207 38 n'alles

498 2542 84 35 pas
615 2532 114 38 tout
761 2533 57 37 de
848 2541 114 28 aerne
994 2541 115 28 vous
1141 2540 175 30 asuaer
1346 2530 115 38 tout
1495 2532 136 38 seul*
1667 2530 59 39 Oe
1755 2528 31 38 à
1815 2530 115 46 quoi
1962 2526 290 49 équivalent
2282 2537 86 29 vos

494 2637 265 40 histoires
790 2638 58 37 de
878 2636 144 39 tiers
1053 2636 167 45 parti*

937 2742 59 37 On
1024 2743 147 42 parle
1200 2743 59 37 de
1286 2740 61 40 la
1376 2739 257 41 Finlande*
1670 2739 146 38 Selon
1841 2738 91 37 lui
1959 2738 89 38 les
2077 2738 322 43 pourparlers

499 2846 115 38 sont
643 2856 59 29 en
732 2845 294 47 cours*Four
1052 2856 60 27 sa
1142 2847 140 46 part,
1319 2846 54 46 je
1406 2846 114 37 suis
1551 2853 145 30 asses
1727 2843 175 38 enclin
1930 2841 31 38 à
1992 2839 235 48 laéglner
2254 2851 86 37 que
2368 2842 88 37 les

498 2949 291 41 américains
819 2950 293 39 voudraient
1138 2959 90 29 une
1260 2950 116 44 paix
1404 2946 230 49 séparée,
1667 2947 177 48 qu'ils
1871 2945 205 40 sauvent
2103 2946 63 39 la
2192 2945 259 46 Finlande,

499 3056 85 36 les
615 3055 292 37 Finlandais
933 3062 61 29 ne
1025 3054 262 38 desnndent
1319 3060 84 36 pas
1432 3054 150 36 aieux
1616 3061 13 29 :
1669 3051 145 47 quant
1843 3060 90 27 aux
1962 3051 199 46 Busses,
2200 3051 80 37 ils
2313 3047 114 40 sont
