2596 3284
1156 233 207 50 - 16 -

494 429 238 36 HAUvaise
760 423 90 39 foi
880 426 85 33 des
996 420 59 39 Co
1081 434 33 14 -
1141 419 91 38 loft
1260 417 147 37 aussi
1436 410 205 41 déclara
1672 408 173 48 qu*ils
1875 402 263 50 exagérant
2167 400 234 39 vraiment

501 532 57 40 et
589 540 58 29 se
677 527 204 41 rendent
911 527 58 37 de
1004 526 109 43 piua
1145 532 58 29 en
1233 522 117 45 plus
1379 517 348 45 impossibles»
1758 515 60 36 Le
1846 514 181 43 danger
2054 508 86 39 est
2171 505 117 49 qu'à
2312 507 151 37 force

502 632 319 49 d'exagérer»
855 633 86 37 ils
973 638 57 30 en
1060 627 203 40 cassent
1296 624 54 39 et
1380 634 60 29 ne
1471 632 57 29 se
1558 619 293 41 retrouvent
1880 617 169 39 seuls»
2083 614 118 38 Tout
2233 615 113 35 eeol
2377 608 86 41 est

503 743 115 38 vrai
651 739 58 39 et
742 742 55 45 je
828 736 262 44 comprends
1119 729 178 43 l'émoi
1326 731 59 37 de
1412 727 232 48 Tristan»
1677 721 118 42 très
1822 723 148 38 froid
1999 718 176 40 devant
2208 715 288 41 *1*habili¬

506 843 86 43 té*
625 847 84 37 des
741 843 197 39 autres»
973 841 119 38 Hais
1122 848 57 28 ee
1211 838 87 46 qui
1329 836 86 38 est
1444 832 228 46 évident»
1709 829 145 38 o'est
1885 837 86 38 que
2000 827 87 37 les
2118 823 175 38 antres
2324 819 86 40 ont

508 953 118 39 bien
655 949 262 43 davantage
947 946 58 37 le
1036 953 113 29 sens
1183 944 59 35 du
1271 941 263 46 dynamisme
1566 938 260 36 desmasses
1857 932 56 39 et
1946 940 85 38 que
2062 928 203 39 Tristan
2294 936 58 29 ne

510 1056 115 47 peut
655 1065 89 35 pas
772 1054 238 41 beaucoup
1036 1050 121 38 leur
1183 1047 238 45 inspirer
1450 1043 236 38 oonflaàcm
1712 1038 31 39 à
1771 1039 85 38 oet
1888 1034 166 49 égard»
2094 1033 55 40 U
2182 1031 171 40 craint

512 1173 86 38 que
627 1159 147 40 toute
805 1160 58 37 la
893 1151 292 44 révolution
1215 1161 88 39 que
1333 1159 116 30 nous
1478 1148 204 38 voulons
1714 1145 144 38 faire
1885 1152 61 29 ne
1976 1140 117 41 soit
2123 1139 175 45 perdue
2327 1138 58 37 si

512 1268 115 40 elle
654 1275 63 30 ne
749 1275 56 28 se
834 1261 117 41 fait
985 1271 84 34 pas
1098 1262 118 35 dans
1243 1257 231 40 l'ordre»
1513 1253 55 48 H
1595 1263 33 37 7
1657 1262 30 27 a
1713 1251 62 38 du
1800 1251 119 36 vrai
1950 1251 115 36 dans
2097 1255 87 29 son
2212 1245 230 45 eouol»»»

510 1375 120 37 mais
661 1372 57 39 il
748 1371 86 38 est
865 1371 116 35 dans
1011 1367 239 38 l'erreur
1278 1362 115 40 s'il
1424 1360 145 37 croit
1598 1356 176 50 qu'une
1804 1352 293 41 révolution
2127 1350 115 46 peut
2271 1359 58 29 ee

513 1480 148 37 faire
690 1471 352 49 complètement
1069 1471 119 38 dans
1216 1468 230 40 l'ordre.

2040 1484 388 52 (Membre FN)

1160 1573 206 42 L'autre
1394 1572 173 46 matin»
1606 1567 315 50 j'attendais
1954 1572 113 31 avec
2099 1563 176 37 Villon
2303 1559 176 39 l'hom¬

515 1701 60 28 me
607 1690 85 47 qui
720 1697 61 30 ne
808 1694 176 37 manque
1019 1693 82 34 pas
1133 1692 59 29 sa
1222 1682 145 44 place
1397 1678 204 37 retenue
1632 1678 115 35 dans
1778 1675 57 37 le
1864 1672 172 38 train»
2068 1668 179 39 Villon
2272 1666 92 38 m'a

520 1796 259 45 entrepris
810 1800 145 31 assez
986 1788 263 48 aigrement
1282 1794 89 31 sur
1395 1785 62 38 le
1486 1782 146 46 parti
1666 1780 141 38 "dont
1836 1779 61 38 tu
1924 1777 264 41 t'occupes
2218 1773 87 38 toi
2334 1772 147 38 aussi

516 1899 208 41 mà-t-il
784 1898 109 39 dit.
929 1896 60 39 Oe
1020 1893 143 47 parti
1194 1892 86 39 est
1313 1890 174 39 contre
1515 1897 142 30 nous»
1695 1885 172 45 Quelle
1898 1880 203 46 étrange
2128 1878 237 39 habitude
2392 1877 90 38 lui

520 2007 147 47 ai-je
696 2003 87 40 dit
813 2005 59 36 de
902 1997 295 43 considérer
1224 2005 147 31 comme
1402 1989 173 50 dirigé
1604 1990 177 40 contre
1808 1998 119 28 vous
1956 1985 117 40 tout
2103 1993 59 29 ce
2192 1984 87 46 qui
2304 1980 150 41 n'est

523 2119 85 38 pas
642 2105 378 44 Immédiatement
1050 2099 234 44 derrière
1314 2109 138 29 vous.
1493 2098 54 40 H
1575 2097 92 39 m'a
1696 2092 204 46 répondu
1935 2102 14 28 :
1986 2093 61 37 la
2075 2087 264 40 situation

524 2216 88 41 est
643 2213 233 46 pourtant
905 2212 118 39 bien
1053 2211 196 43 claire,
1288 2207 57 38 si
1374 2214 118 29 vous
1518 2213 63 29 ne
1606 2203 63 38 la
1697 2208 262 36 comprenez
1991 2205 84 36 pas
2108 2194 114 39 tant
2255 2194 86 43 pis

528 2329 117 37 pour
673 2327 141 31 vous»
848 2319 86 38 Les
966 2311 290 48 possédants
1290 2311 115 39 sont
1432 2307 64 40 là
1524 2305 234 47 pourtant
1789 2313 116 36 pour
1931 2310 115 30 voua
2080 2297 252 41 éclairer:
2373 2304 57 31 ou

529 2426 117 39 bien
677 2433 58 29 on
763 2423 86 40 est
881 2430 119 37 pour
1026 2420 58 38 le
1112 2418 239 39 maintien
1378 2417 62 36 du
1466 2411 175 48 régime
1671 2410 175 40 actuel
1875 2410 60 37 du
1965 2405 319 46 capitalisme
2315 2401 55 40 et

531 2530 56 41 il
619 2528 114 40 faut
761 2528 61 39 le
853 2529 115 37 dire
997 2540 32 16 -
1059 2532 57 31 ou
1144 2525 118 37 bien
1293 2523 56 38 si
1381 2530 57 28 on
1469 2518 172 39 entend
1673 2518 57 38 le
1760 2513 263 40 combattre
2052 2511 57 38 il
2139 2509 117 38 faut
2284 2508 148 39 venir

531 2643 114 32 avec
674 2642 144 38 nous»
855 2632 55 39 il
941 2630 86 47 n'y
1058 2640 30 27 a
1119 2631 115 36 rien
1262 2625 205 40 d'autre
1496 2622 31 38 à
1559 2624 165 37 faire.
1761 2621 116 37 Tous
1908 2627 116 28 ceux
2052 2617 86 46 qui
2171 2610 261 49 imaginent

532 2738 147 41 autre
710 2740 144 37 ohose
880 2746 62 29 ne
977 2735 198 45 peuvent
1205 2741 89 39 que
1323 2729 266 39 brouiller
1612 2728 91 37 les
1733 2722 172 40 cartes
1943 2733 13 28 :
1996 2731 58 29 en
2081 2719 120 40 fait
2228 2719 87 39 ils
2347 2714 117 49 pré¬

536 2843 174 48 parent
736 2845 62 36 le
825 2842 260 45 fasolsme»
1115 2835 355 47 l'expérience
1499 2833 59 38 de
1587 2832 82 40 B.»
1735 2828 55 40 et
1819 2837 62 30 un
1907 2828 148 39 autre
2085 2825 86 39 est
2199 2822 62 42 là
2290 2830 118 38 pour

533 2949 59 40 le
626 2955 223 38 prouver.

1178 3046 179 38 Villon
1387 3039 173 42 résume
1591 3038 289 40 évidemment
1911 3037 60 38 là
1997 3045 59 29 oe
2087 3035 87 46 qui
2204 3032 85 39 eet
2319 3032 60 38 la
