2596 3284
1221 201 32 38 •
1284 200 54 39 18

549 415 236 43 bdaucoup
812 416 146 34 moins
992 408 312 48 intéressés,
1339 420 58 27 ne
1427 407 177 49 voyant
1635 417 85 34 pas
1751 408 86 37 les
1868 406 262 45 avantages
2162 415 85 37 que
2280 401 203 47 présen¬

551 519 174 40 terait
758 527 116 36 pour
905 527 87 28 eux
1013 526 95 29 une
1137 516 147 39 telle
1314 510 283 49 opération:
1638 512 204 45 pendant
1872 510 173 48 qu'ils
2075 520 30 39 y
2135 510 114 39 sont
2282 510 85 39 ils

551 625 147 38 n'ont
729 622 119 48 qu'à
877 623 146 38 tenir
1053 630 172 28 encore
1252 630 64 28 un
1344 628 88 37 peu
1460 618 58 38 et
1548 619 88 38 ile
1665 617 177 39 auront
1871 618 60 37 la
1958 616 234 40 victoire
2224 615 196 39 totale.

992 728 59 38 Oe
1079 726 146 39 n*est
1258 735 85 35 pas
1370 725 180 42 l'avis
1581 724 230 36 d'Edmond
1843 724 86 45 qui
1960 718 203 48 prétend
2196 731 86 37 que
2309 722 63 37 la

556 838 117 41 paix
701 834 321 39 finlandais#
1055 832 173 39 serait
1257 832 57 37 la
1346 829 349 39 commencement
1728 830 55 35 de
1812 829 62 37 la
1903 817 203 48 débâcle
2138 828 85 36 des
2253 822 176 42 alliés

553 943 60 34 LB
643 939 262 38 LBMDBMAlf
913 961 17 15 .
965 935 204 50 Déjeuné
1201 945 113 30 avec
1344 936 207 43 Raspail
1585 944 17 29 :
1638 935 88 38 lui
1756 935 146 36 aussi
1934 932 232 39 constats
2194 933 88 37 Iss
2314 931 174 39 diffi¬

555 1043 173 41 cultés
761 1053 114 29 avec
906 1045 88 37 Iss
1026 1042 261 48 cyclistes
1316 1057 31 15 -
1377 1041 56 38 il
1462 1039 293 40 l'attribue
1789 1038 30 37 à
1844 1048 60 29 un
1935 1037 349 39 raidissement
2315 1039 55 34 de

555 1152 120 38 leur
703 1150 234 38 attitude
966 1149 174 45 auquel
1171 1148 58 46 ge
1262 1148 144 38 crois
1432 1147 149 38 soins
1615 1153 114 37 pour
1755 1155 62 28 sa
1847 1143 136 45 part.
2025 1143 84 39 Us
2139 1142 115 38 sont
2283 1143 87 38 Iss

554 1266 146 28 memes

745 1292 118 39 mais
896 1292 295 48 simplement
1213 1294 30 37 d
1253 1302 88 29 ans
1369 1304 90 29 une
1492 1296 146 38 autre
1669 1298 173 46 phase.
1875 1298 181 39 Devant
2083 1307 63 30 no
2164 1299 32 39 f
2205 1299 89 39 ait

564 1397 327 40 Aimons-nous
924 1407 117 30 avec
1068 1398 240 50 Raopail,
1343 1398 58 40 il
1427 1409 34 38 y
1489 1409 31 27 a
1548 1400 122 38 deux
1700 1396 203 53 écoles,
1936 1399 149 40 l*une
2117 1403 90 46 «pi
2237 1401 177 42 saisit

564 1498 182 40 l'occa
777 1507 60 30 en
866 1509 121 36 pour
1015 1501 146 38 faire
1191 1501 59 38 de
1282 1499 147 40 l'art
1456 1509 119 39 —eo,
1606 1499 211 40 l'autre
1849 1503 88 47 qui
1968 1502 114 39 tout
2116 1510 64 31 en
2205 1504 265 41 entendant

565 1594 263 53 résister,
862 1598 119 38 veut
1013 1595 182 42 éviter
1220 1598 61 40 le
1311 1595 149 51 péril
1488 1599 59 39 de
1578 1598 294 41 l'anti-co*

801 1700 212 47 Raspail
1041 1710 31 28 a
1102 1701 270 40 confiance
1401 1702 116 39 dans
1549 1702 88 38 les
1666 1702 151 39 varfcus
1847 1702 59 39 de
1935 1699 237 45 l'I*M*H*

562 1799 210 48 D'après
805 1800 83 41 lui
924 1811 58 30 ee
1010 1802 148 39 n'est
1190 1801 181 49 qu'une
1398 1801 239 49 première
1667 1804 150 45 phase
1847 1821 31 11 -
1903 1803 149 39 faire
2079 1812 96 30 une
2202 1801 210 44 fédéra¬

564 1897 121 40 tion
712 1899 59 38 de
802 1899 61 38 la
891 1894 300 53 résistance
1222 1902 86 45 qui
1339 1900 207 39 demeure
1577 1899 299 48 l'objectif
1904 1899 30 41 à
1964 1901 293 41 atteindre*

801 1997 123 39 D1235
949 1998 120 39 AYSC
1100 1999 207 38 CROUZBT
1333 2015 40 19 **
1396 2004 90 39 I*ii
1517 2010 149 36 aussi
1695 2012 176 38 combat
1904 2014 31 39 1
1940 2015 19 22 *
1966 2016 204 41 irritât
2175 2021 89 38 ion
2292 2033 89 37 que

560 2091 269 47 suggèrent
861 2096 26 36 1
887 2104 60 31 m
979 2097 238 46 procédés
1247 2103 88 39 des
1366 2106 83 39 Ce.
1483 2107 63 41 !•&
1573 2108 210 43 tension
1814 2114 145 39 entre
1991 2127 88 29 eux
2111 2118 58 39 et
2198 2121 89 39 Isa

559 2189 178 42 antres
768 2194 57 39 et
858 2200 147 38 aussi
1032 2208 91 30 une
1153 2206 178 43 grande
1362 2206 294 44 lassitude.
1694 2211 55 39 Il
1781 2214 86 38 est
1900 2214 177 53 sévère
2106 2227 124 40 pour
2257 2225 56 38 la

557 2289 298 44 Résistance
862 2305 17 38 j
914 2295 180 44 l'état
1122 2302 62 39 de
1213 2311 86 30 ses
1332 2309 386 43 organisations
1750 2313 141 41 etc.,
1925 2319 120 36 maie
2077 2319 59 38 il
2161 2321 152 41 n'est

551 2398 93 41 pas
673 2393 119 47 plus
827 2396 114 39 indu
941 2398 118 48 lgen
1059 2398 31 40 t
1121 2409 93 32 sur
1238 2402 178 44 l'état
1449 2407 236 48 d'esprit
1717 2410 231 52 général,
1982 2416 242 45 l'atonie

554 2499 58 28 co
669 2501 116 39 une,
820 2493 60 41 le
915 2496 115 41 fait
1058 2510 92 37 que
1180 2503 86 37 les
1297 2514 118 35 gens
1444 2507 419 44 n'ambitionnent
1893 2525 90 37 que
2011 2516 124 41 leur
2158 2522 123 44 paix

790 2594 58 39 Je
877 2596 88 39 lui
995 2601 152 45 parle
1175 2602 59 38 de
1267 2605 58 37 la
1351 2604 270 47 nécessité
1651 2611 121 39 d'un
1800 2617 207 43 pouvoir
2040 2618 143 51 fort,
2215 2621 92 41 lui

549 2687 90 39 dit
670 2690 175 48 qu'une
875 2695 268 42 dictature
1173 2702 89 38 est
1291 2699 299 47 nécessaire
1618 2719 123 38 pour
1766 2712 151 41 faire
1978 2716 207 50 quelque
2212 2724 177 50 chose,

546 2786 148 49 qu'il
727 2798 57 30 se
816 2792 174 43 méfie*
1022 2798 293 50 Attention,
1350 2813 59 29 me
1439 2806 178 38 dit—il
1647 2818 91 29 aux
1798 2816 317 47 avonaroles,
2152 2818 89 39 üs
2267 2821 151 39 n'ont

544 2883 148 49 guère
756 2885 170 46 éussl*

810 2985 180 42 3AUTBR
1018 2991 122 40 PRIX
1169 2993 147 40 JOURS
1343 2990 36 53 4
1407 2998 58 39 il
1495 3002 85 36 est
1613 3003 211 40 certain
1853 3008 146 46 qu'il
2026 3021 36 38 y
2088 3021 34 29 a
2147 3021 63 31 en
2236 3024 59 29 ce
2322 3019 173 40 moment

534 3089 68 30 un
627 3081 384 52 découragement
1047 3088 229 48 générait
1312 3096 88 39 les
1431 3107 117 36 gens
1609 3103 89 37 ont
1728 3112 28 29 e
1787 3107 148 45 mpris
1966 3109 149 47 qu'il
2142 3111 92 49 n'y
