2596 3284
1250 173 55 44 19
1335 190 34 14 -

503 279 178 37 axerait
713 277 122 38 riaa
862 273 148 40 avant
1038 267 175 50 l'été;
1250 270 86 39 ils
1366 277 63 30 se
1456 268 266 38 demandent
1752 262 120 42 même
1903 261 34 51 à
1964 262 149 50 juste
2140 261 150 41 titre

504 377 118 41 s'il
649 386 36 39 y
713 386 120 29 aura
862 373 208 50 quelque
1101 373 147 36 chose
1279 368 87 40 cet
1398 362 112 45 été.
1548 367 61 37 On
1639 369 55 33 tr
1696 378 31 26 a
1724 374 61 30 ve
1785 373 58 30 rs
1843 374 30 26 a
1902 364 63 40 la
1992 361 148 49 phase
2167 360 155 41 habi¬

506 476 179 40 tuelle
713 471 380 45 d'irritation,
1132 471 57 39 de
1220 464 388 49 découragement
1643 475 17 30 s
1698 465 86 38 ils
1813 462 268 40 viendront
2114 461 115 45 trop
2262 460 118 39 tari

510 578 141 37 etc.*
662 573 171 43 .C'est
862 573 64 39 la
952 569 178 52 partie
1162 567 296 41 dissidente
1490 568 57 35 de
1579 565 61 38 la
1669 564 202 47 courbe,
1906 571 117 30 nous
2053 561 328 38 connaissons

506 677 122 38 cela
656 675 178 46 depuis
865 674 233 37 deuxans.

746 777 32 34 A
810 794 18 33 -j
837 772 34 39 a
896 769 272 50 déception
1193 770 62 37 du
1284 767 177 39 retard
1491 775 30 28 s
1526 762 262 49 Rajoutent
1818 764 89 37 les
1938 757 63 42 év
2026 761 209 37 nouants

506 875 244 40 d'Italie
776 872 64 40 où
867 880 62 31 on
956 881 33 29 a
1022 871 115 39 bien
1167 868 359 47 l'impression
1554 873 85 39 que
1673 866 86 36 les
1789 863 210 46 anglais
2026 856 120 44 vont
2179 856 115 42 être

509 973 208 50 obligés
747 975 60 37 de
836 973 305 46 rembarquer
1164 968 34 41 à
1227 967 229 40 Nettuno.
1491 965 239 39 D'aucuns
1761 972 63 30 en
1850 959 270 42 déduisent
2150 969 89 37 que

509 1075 297 40 maintenant
838 1072 60 39 le
930 1072 145 46 temps
1107 1068 269 41 travaille
1404 1075 122 40 pour
1554 1066 87 37 les
1673 1064 266 39 allemands
1969 1070 34 30 —
2028 1060 124 40 cela
2176 1069 63 29 me

512 1173 177 48 perait
722 1172 206 49 quelque
960 1179 90 38 peu
1080 1164 230 52 exagéré;
1347 1164 296 48 l'argument
1674 1165 88 36 des
1793 1161 326 49 populations

512 1270 208 51 occupés
748 1281 61 28 ne
839 1269 150 50 porte
1021 1278 86 38 pas
1137 1268 179 40 «-elles
1349 1265 326 48 reprendront
1734 1270 208 38 courage
1972 1261 59 38 le
2064 1263 118 45 jour
2208 1257 63 43 où
2301 1260 58 38 il

511 1385 33 38 y
575 1383 118 38 aura
723 1371 208 50 quelque
961 1372 174 37 chose.
1170 1368 118 38 Plus
1322 1364 265 40 sérieuses
1617 1364 118 39 sont
1766 1363 86 38 Iss
1885 1358 385 42 constatâtions

516 1475 88 47 qui
634 1472 205 48 portent
874 1479 89 29 sur
993 1471 57 38 le
1080 1465 324 49 réarmement,
1438 1465 62 37 du
1527 1463 151 38 moral
1707 1462 231 40 allemand
1974 1457 178 41 devant
2177 1466 68 29 un

515 1581 179 32 oucc-e
724 1581 148 28 comme
904 1570 149 39 celui
1083 1567 263 47 d'Italie,
1381 1573 90 30 sur
1498 1564 64 39 la
1590 1562 146 46 perte
1768 1570 90 37 par
1888 1560 86 38 les
2003 1557 327 48 yougoslaves

514 1673 88 38 des
635 1672 146 46 ports
843 1680 29 28 s
903 1668 384 47 l'Adriatique,
1325 1662 173 50 qu'ils
1531 1662 228 39 tenaient
1798 1670 57 27 en
1877 1659 300 44 septembre,
2214 1665 90 30 sur
2331 1658 31 37 1
2365 1666 54 29 m

518 1769 146 43 élect
697 1779 87 30 ons
813 1769 92 37 aux
935 1766 147 38 Btats
1112 1766 145 39 Unie.
1294 1765 56 37 Il
1378 1762 95 46 n'y
1501 1772 32 28 a
1561 1757 295 43 évidemment
1886 1767 89 38 pas
2002 1763 91 31 une
2128 1754 205 38 remonte

515 1870 302 39 d'illusion
845 1875 144 40 purs,
1022 1867 122 38 maie
1175 1865 58 39 il
1260 1863 121 49 peut
1409 1871 32 38 y
1472 1861 151 39 avoir
1645 1868 67 30 un
1739 1856 180 41 succès
1947 1858 59 36 de
2036 1853 89 39 cot
2157 1854 268 38 illusion¬

516 1970 149 39 nisme
704 1962 199 52 tempéré
937 1967 88 47 qui
1055 1963 356 40 consisterait
1442 1959 29 39 à
1500 1959 242 46 regarder
1771 1956 268 46 davantage
2063 1963 121 29 vers
2214 1952 61 40 le

520 2072 151 42 Japon
700 2068 55 37 et
787 2067 148 38 moins
964 2073 121 32 vers
1115 2060 323 43 l'occident.

729 2170 119 36 loua
876 2173 149 30 avons
1057 2163 177 48 repris
1265 2161 146 40 oetto
1475 2157 358 40 conversation
1861 2165 117 30 avec
2013 2155 170 37 Robin.
2218 2155 62 36 Su

521 2277 173 39 somme,
729 2268 205 45 dis—je,
969 2265 59 39 il
1056 2262 179 50 parait
1268 2260 179 40 établi
1478 2268 21 32 t
1537 2259 53 38 1°
1624 2267 88 40 que
1742 2258 88 38 les
1862 2249 476 53 anglo-américaine

522 2377 63 30 en
609 2377 60 29 ce
699 2368 179 38 moment
907 2373 60 30 ne
999 2363 119 40 sont
1145 2371 89 40 pas
1267 2358 61 42 en
1357 2358 116 41 état
1505 2359 58 38 de
1593 2356 292 49 débarquer;
1921 2355 92 46 2*—
2041 2362 88 38 que
2158 2353 88 37 les
2277 2360 177 32 russes

522 2468 118 40 sont
672 2475 61 31 en
762 2465 117 40 état
911 2466 58 37 de
1000 2465 145 39 faire
1176 2460 214 42 reculer
1414 2461 89 39 les
1537 2459 225 39 allemand
1774 2466 54 39 a,
1859 2456 120 38 mais
2009 2462 95 29 non
2129 2454 58 36 de
2218 2452 88 39 les

526 2565 230 42 écraser.
788 2569 32 36 A
851 2566 119 48 quoi
1003 2566 149 39 Robin
1180 2564 116 38 fait
1331 2560 261 50 justement
1625 2560 240 38 observer
1894 2564 85 39 que
2010 2555 88 38 les
2129 2553 208 39 recuits

526 2676 85 38 que
643 2667 88 38 Iss
762 2672 179 31 russes
971 2663 237 49 pourront
1242 2661 237 47 infliger
1506 2658 90 40 cet
1628 2654 85 42 été
1745 2655 179 41 auront
1952 2657 57 35 de
2042 2652 119 38 très
2192 2651 289 49 importants

526 2765 178 50 qu'ils
734 2763 207 49 peuvent
973 2764 235 38 conduire
1239 2763 119 37 dans
1390 2760 85 37 les
1508 2766 117 38 pays
1655 2764 232 37 vassaux,
1924 2752 229 48 Hongrie,

526 2864 262 49 Roumanie,
827 2864 172 38 etc...
