<?xml version="1.0" encoding="UTF-8"?><alto xmlns:xsi="http://www.w3.org/2001/XMLSchema-instance" xmlns="http://www.loc.gov/standards/alto/ns-v2#" xmlns:page="http://schema.primaresearch.org/PAGE/gts/pagecontent/2013-07-15" xsi:schemaLocation="http://schema.primaresearch.org/PAGE/gts/pagecontent/2013-07-15 http://schema.primaresearch.org/PAGE/gts/pagecontent/2013-07-15/pagecontent.xsd http://www.loc.gov/standards/alto/ns-v2# http://www.loc.gov/standards/alto/alto-v2.0.xsd"><Description><MeasurementUnit>pixel</MeasurementUnit></Description><Layout><Page ID="Page1" PHYSICAL_IMG_NR="1" HEIGHT="3284" WIDTH="2596"><TopMargin HEIGHT="0" WIDTH="2596" VPOS="0" HPOS="0"/><LeftMargin HEIGHT="3283" WIDTH="0" VPOS="0" HPOS="0"/><RightMargin HEIGHT="3283" WIDTH="109" VPOS="0" HPOS="2487"/><BottomMargin HEIGHT="1" WIDTH="2596" VPOS="3283" HPOS="0"/><PrintSpace HEIGHT="3283" WIDTH="2487" VPOS="0" HPOS="0"><TextBlock ID="r_1_1" HEIGHT="39" WIDTH="193" VPOS="240" HPOS="1101"><Shape><Polygon POINTS="1101,240 1294,241 1294,279 1101,278"/></Shape><TextLine ID="tl_1" BASELINE="277" HEIGHT="36" WIDTH="58" VPOS="241" HPOS="1170" STYLEREFS="Times_New_Roman_10.5_______"><String ID="w_w1aab1b1b2b1b1ab1" HEIGHT="36" WIDTH="58" VPOS="241" HPOS="1170" STYLEREFS="Times_New_Roman_10.5_______" CONTENT="28"/></TextLine></TextBlock><TextBlock ID="TextRegion_1516033172401_4" HEIGHT="156" WIDTH="1756" VPOS="441" HPOS="550"><Shape><Polygon POINTS="550,441 2306,441 2306,505 870,597 552,597 550,505"/></Shape><TextLine ID="tl_5" BASELINE="504" HEIGHT="62" WIDTH="1754" VPOS="442" HPOS="551"><String ID="w_w1aab1c13b2b1b1ab1" HEIGHT="29" WIDTH="59" VPOS="461" HPOS="551" STYLEREFS="Times_New_Roman_10.5_______" CONTENT="ne"/><String ID="w_w1aab1c13b2b1b1ab7" HEIGHT="37" WIDTH="30" VPOS="453" HPOS="639" STYLEREFS="Times_New_Roman_10.5_______" CONTENT="1"/><String ID="w_w1aab1c13b2b1b1b1b1" HEIGHT="28" WIDTH="56" VPOS="461" HPOS="671" STYLEREFS="Times_New_Roman_10.5_______" CONTENT="m"/><String ID="w_w1aab1c13b2b1b1b2b3" HEIGHT="28" WIDTH="57" VPOS="461" HPOS="759" STYLEREFS="Times_New_Roman_10.5_______" CONTENT="en"/><String ID="w_w1aab1c13b2b1b1b2b9" HEIGHT="49" WIDTH="255" VPOS="448" HPOS="847" STYLEREFS="Times_New_Roman_10.5_______" CONTENT="détourne,"/><String ID="w_w1aab1c13b2b1b1b2c29" HEIGHT="37" WIDTH="113" VPOS="450" HPOS="1141" STYLEREFS="Times_New_Roman_10.5_______" CONTENT="tout"/><String ID="w_w1aab1c13b2b1b1b2c39" HEIGHT="37" WIDTH="86" VPOS="450" HPOS="1286" STYLEREFS="Times_New_Roman_10.5_______" CONTENT="lea"/><String ID="w_w1aab1c13b2b1b1b2c47" HEIGHT="47" WIDTH="199" VPOS="449" HPOS="1403" STYLEREFS="Times_New_Roman_10.5_______" CONTENT="attira,"/><String ID="w_w1aab1c13b2b1b1b2c63" HEIGHT="37" WIDTH="62" VPOS="451" HPOS="1635" STYLEREFS="Times_New_Roman_10.5_______" CONTENT="la"/><String ID="w_w1aab1c13b2b1b1b2c69" HEIGHT="51" WIDTH="286" VPOS="445" HPOS="1727" STYLEREFS="Times_New_Roman_10.5_______" CONTENT="précision,"/><String ID="w_w1aab1c13b2b1b1b2c91" HEIGHT="36" WIDTH="59" VPOS="451" HPOS="2047" STYLEREFS="Times_New_Roman_10.5_______" CONTENT="la"/><String ID="w_w1aab1c13b2b1b1b2c97" HEIGHT="47" WIDTH="170" VPOS="448" HPOS="2135" STYLEREFS="Times_New_Roman_10.5_______" CONTENT="força,"/></TextLine><TextLine ID="tl_6" BASELINE="596" HEIGHT="43" WIDTH="316" VPOS="553" HPOS="553" STYLEREFS="Times_New_Roman_10.5_______"><String ID="w_w1aab1c13b2b3b1ab1" HEIGHT="40" WIDTH="51" VPOS="556" HPOS="553" STYLEREFS="Times_New_Roman_10.5_______" CONTENT="1*"/><String ID="w_w1aab1c13b2b3b1ab7" HEIGHT="41" WIDTH="256" VPOS="554" HPOS="613" STYLEREFS="Times_New_Roman_10.5_______" CONTENT="activité."/></TextLine></TextBlock><TextBlock ID="TextRegion_1516033198277_5" HEIGHT="902" WIDTH="1882" VPOS="651" HPOS="551"><Shape><Polygon POINTS="551,651 2433,651 2433,1447 1729,1553 555,1553 551,1447"/></Shape><TextLine ID="line_1516033523015_10" BASELINE="700" HEIGHT="56" WIDTH="431" VPOS="644" HPOS="109"><String ID="string_line_1516033523015_10" HEIGHT="56" WIDTH="431" VPOS="644" HPOS="109" CONTENT="Mars 2 Mars"/></TextLine><TextLine ID="line_1516033525653_11" BASELINE="788" HEIGHT="91" WIDTH="147" VPOS="697" HPOS="326"><String ID="string_line_1516033525653_11" HEIGHT="91" WIDTH="147" VPOS="697" HPOS="326" CONTENT="2 Mars"/></TextLine><TextLine ID="line_1516033528652_12" BASELINE="900" HEIGHT="155" WIDTH="356" VPOS="745" HPOS="186"><String ID="string_line_1516033528652_12" HEIGHT="155" WIDTH="356" VPOS="745" HPOS="186" CONTENT="(ou 24 Février ?)"/></TextLine><TextLine ID="tl_7" BASELINE="703" HEIGHT="51" WIDTH="1582" VPOS="652" HPOS="730" STYLEREFS="Times_New_Roman_10.5_______"><String ID="w_w1aab1c13b2b5b1ab1" HEIGHT="14" WIDTH="32" VPOS="677" HPOS="730" STYLEREFS="Times_New_Roman_10.5_______" CONTENT="—"/><String ID="w_w1aab1c13b2b5b1ab5" HEIGHT="35" WIDTH="57" VPOS="663" HPOS="790" STYLEREFS="Times_New_Roman_10.5_______" CONTENT="Je"/><String ID="w_w1aab1c13b2b5b1ac11" HEIGHT="37" WIDTH="145" VPOS="661" HPOS="881" STYLEREFS="Times_New_Roman_10.5_______" CONTENT="relia"/><String ID="w_w1aab1c13b2b5b1ac23" HEIGHT="40" WIDTH="320" VPOS="658" HPOS="1054" STYLEREFS="Times_New_Roman_10.5_______" CONTENT="les^moires"/><String ID="w_w1aab1c13b2b5b1ac45" HEIGHT="35" WIDTH="55" VPOS="662" HPOS="1408" STYLEREFS="Times_New_Roman_10.5_______" CONTENT="de"/><String ID="w_w1aab1c13b2b5b1ac51" HEIGHT="37" WIDTH="60" VPOS="661" HPOS="1493" STYLEREFS="Times_New_Roman_10.5_______" CONTENT="La"/><String ID="w_w1aab1c13b2b5b1ac57" HEIGHT="36" WIDTH="376" VPOS="661" HPOS="1582" STYLEREFS="Times_New_Roman_10.5_______" CONTENT="Rochefoucauld"/><String ID="w_w1aab1c13b2b5b1ac85" HEIGHT="11" WIDTH="30" VPOS="676" HPOS="1991" STYLEREFS="Times_New_Roman_10.5_______" CONTENT="-"/><String ID="w_w1aab1c13b2b5b1ac89" HEIGHT="36" WIDTH="140" VPOS="660" HPOS="2053" STYLEREFS="Times_New_Roman_10.5_______" CONTENT="c'est"/><String ID="w_w1aab1c13b2b5b1ad101" HEIGHT="28" WIDTH="88" VPOS="668" HPOS="2224" STYLEREFS="Times_New_Roman_10.5_______" CONTENT="uns"/></TextLine><TextLine ID="tl_8" BASELINE="816" HEIGHT="61" WIDTH="1814" VPOS="755" HPOS="556" STYLEREFS="Times_New_Roman_10.5_______"><String ID="w_w1aab1c13b2b5b3ab1" HEIGHT="37" WIDTH="203" VPOS="768" HPOS="556" STYLEREFS="Times_New_Roman_10.5_______" CONTENT="lecture"/><String ID="w_w1aab1c13b2b5b3ac17" HEIGHT="41" WIDTH="380" VPOS="764" HPOS="791" STYLEREFS="Times_New_Roman_10.5_______" CONTENT="réconfortante"/><String ID="w_w1aab1c13b2b5b3ac45" HEIGHT="30" WIDTH="88" VPOS="774" HPOS="1203" STYLEREFS="Times_New_Roman_10.5_______" CONTENT="car"/><String ID="w_w1aab1c13b2b5b3ac53" HEIGHT="27" WIDTH="57" VPOS="775" HPOS="1320" STYLEREFS="Times_New_Roman_10.5_______" CONTENT="on"/><String ID="w_w1aab1c13b2b5b3ac59" HEIGHT="48" WIDTH="289" VPOS="763" HPOS="1409" STYLEREFS="Times_New_Roman_10.5_______" CONTENT="s'aperçoit"/><String ID="w_w1aab1c13b2b5b3ac81" HEIGHT="36" WIDTH="85" VPOS="774" HPOS="1730" STYLEREFS="Times_New_Roman_10.5_______" CONTENT="que"/><String ID="w_w1aab1c13b2b5b3ac89" HEIGHT="28" WIDTH="56" VPOS="774" HPOS="1847" STYLEREFS="Times_New_Roman_10.5_______" CONTENT="ce"/><String ID="w_w1aab1c13b2b5b3ac95" HEIGHT="50" WIDTH="194" VPOS="760" HPOS="1936" STYLEREFS="Times_New_Roman_10.5_______" CONTENT="Siècle,"/><String ID="w_w1aab1c13b2b5b3ad111" HEIGHT="40" WIDTH="202" VPOS="762" HPOS="2168" STYLEREFS="Times_New_Roman_10.5_______" CONTENT="demeuré"/></TextLine><TextLine ID="tl_9" BASELINE="920" HEIGHT="62" WIDTH="1874" VPOS="858" HPOS="555" STYLEREFS="Times_New_Roman_10.5_______"><String ID="w_w1aab1c13b2b5b5ab1" HEIGHT="46" WIDTH="172" VPOS="872" HPOS="555" STYLEREFS="Times_New_Roman_10.5_______" CONTENT="grand,"/><String ID="w_w1aab1c13b2b5b5ac15" HEIGHT="28" WIDTH="30" VPOS="881" HPOS="761" STYLEREFS="Times_New_Roman_10.5_______" CONTENT="a"/><String ID="w_w1aab1c13b2b5b5ac19" HEIGHT="30" WIDTH="148" VPOS="879" HPOS="820" STYLEREFS="Times_New_Roman_10.5_______" CONTENT="connu"/><String ID="w_w1aab1c13b2b5b5ac31" HEIGHT="37" WIDTH="173" VPOS="871" HPOS="997" STYLEREFS="Times_New_Roman_10.5_______" CONTENT="autant"/><String ID="w_w1aab1c13b2b5b5ac45" HEIGHT="36" WIDTH="57" VPOS="872" HPOS="1202" STYLEREFS="Times_New_Roman_10.5_______" CONTENT="de"/><String ID="w_w1aab1c13b2b5b5ac51" HEIGHT="51" WIDTH="201" VPOS="865" HPOS="1288" STYLEREFS="Times_New_Roman_10.5_______" CONTENT="misère,"/><String ID="w_w1aab1c13b2b5b5ac67" HEIGHT="47" WIDTH="346" VPOS="869" HPOS="1524" STYLEREFS="Times_New_Roman_10.5_______" CONTENT="d'intrigues,"/><String ID="w_w1aab1c13b2b5b5ac93" HEIGHT="36" WIDTH="57" VPOS="871" HPOS="1904" STYLEREFS="Times_New_Roman_10.5_______" CONTENT="de"/><String ID="w_w1aab1c13b2b5b5ac99" HEIGHT="45" WIDTH="233" VPOS="869" HPOS="1992" STYLEREFS="Times_New_Roman_10.5_______" CONTENT="disputes"/><String ID="w_w1aab1c13b2b5b5ad117" HEIGHT="37" WIDTH="173" VPOS="870" HPOS="2256" STYLEREFS="Times_New_Roman_10.5_______" CONTENT="sordi¬"/></TextLine><TextLine ID="tl_10" BASELINE="1024" HEIGHT="62" WIDTH="1874" VPOS="962" HPOS="555" STYLEREFS="Times_New_Roman_10.5_______"><String ID="w_w1aab1c13b2b5b7ab1" HEIGHT="45" WIDTH="111" VPOS="978" HPOS="555" STYLEREFS="Times_New_Roman_10.5_______" CONTENT="des,"/><String ID="w_w1aab1c13b2b5b7ac11" HEIGHT="37" WIDTH="55" VPOS="977" HPOS="703" STYLEREFS="Times_New_Roman_10.5_______" CONTENT="et"/><String ID="w_w1aab1c13b2b5b7ac17" HEIGHT="43" WIDTH="119" VPOS="971" HPOS="786" STYLEREFS="Times_New_Roman_10.5_______" CONTENT="aime"/><String ID="w_w1aab1c13b2b5b7ac27" HEIGHT="46" WIDTH="438" VPOS="976" HPOS="938" STYLEREFS="Times_New_Roman_10.5_______" CONTENT="inintelligibles"/><String ID="w_w1aab1c13b2b5b7ac59" HEIGHT="36" WIDTH="86" VPOS="985" HPOS="1407" STYLEREFS="Times_New_Roman_10.5_______" CONTENT="que"/><String ID="w_w1aab1c13b2b5b7ac67" HEIGHT="37" WIDTH="174" VPOS="976" HPOS="1524" STYLEREFS="Times_New_Roman_10.5_______" CONTENT="celles"/><String ID="w_w1aab1c13b2b5b7ac81" HEIGHT="47" WIDTH="172" VPOS="974" HPOS="1730" STYLEREFS="Times_New_Roman_10.5_______" CONTENT="qu'ils"/><String ID="w_w1aab1c13b2b5b7ac95" HEIGHT="29" WIDTH="119" VPOS="984" HPOS="1929" STYLEREFS="Times_New_Roman_10.5_______" CONTENT="nous"/><String ID="w_w1aab1c13b2b5b7ad105" HEIGHT="38" WIDTH="118" VPOS="974" HPOS="2077" STYLEREFS="Times_New_Roman_10.5_______" CONTENT="font"/><String ID="w_w1aab1c13b2b5b7ad115" HEIGHT="46" WIDTH="202" VPOS="972" HPOS="2227" STYLEREFS="Times_New_Roman_10.5_______" CONTENT="présen¬"/></TextLine><TextLine ID="tl_11" BASELINE="1132" HEIGHT="59" WIDTH="1846" VPOS="1073" HPOS="556" STYLEREFS="Times_New_Roman_10.5_______"><String ID="w_w1aab1c13b2b5b9ab1" HEIGHT="39" WIDTH="176" VPOS="1081" HPOS="556" STYLEREFS="Times_New_Roman_10.5_______" CONTENT="tement"/><String ID="w_w1aab1c13b2b5b9ac15" HEIGHT="37" WIDTH="210" VPOS="1084" HPOS="759" STYLEREFS="Times_New_Roman_10.5_______" CONTENT="hausser"/><String ID="w_w1aab1c13b2b5b9ac31" HEIGHT="36" WIDTH="90" VPOS="1083" HPOS="994" STYLEREFS="Times_New_Roman_10.5_______" CONTENT="les"/><String ID="w_w1aab1c13b2b5b9ac39" HEIGHT="47" WIDTH="225" VPOS="1078" HPOS="1116" STYLEREFS="Times_New_Roman_10.5_______" CONTENT="épaules."/><String ID="w_w1aab1c13b2b5b9ac57" HEIGHT="42" WIDTH="145" VPOS="1082" HPOS="1378" STYLEREFS="Times_New_Roman_10.5_______" CONTENT="Quand"/><String ID="w_w1aab1c13b2b5b9ac69" HEIGHT="28" WIDTH="55" VPOS="1090" HPOS="1556" STYLEREFS="Times_New_Roman_10.5_______" CONTENT="on"/><String ID="w_w1aab1c13b2b5b9ac75" HEIGHT="38" WIDTH="90" VPOS="1081" HPOS="1639" STYLEREFS="Times_New_Roman_10.5_______" CONTENT="lit"/><String ID="w_w1aab1c13b2b5b9ac83" HEIGHT="37" WIDTH="87" VPOS="1081" HPOS="1758" STYLEREFS="Times_New_Roman_10.5_______" CONTENT="les"/><String ID="w_w1aab1c13b2b5b9ac91" HEIGHT="46" WIDTH="262" VPOS="1081" HPOS="1876" STYLEREFS="Times_New_Roman_10.5_______" CONTENT="querelles"/><String ID="w_w1aab1c13b2b5b9ad111" HEIGHT="44" WIDTH="86" VPOS="1082" HPOS="2169" STYLEREFS="Times_New_Roman_10.5_______" CONTENT="qui"/><String ID="w_w1aab1c13b2b5b9ad119" HEIGHT="36" WIDTH="116" VPOS="1088" HPOS="2286" STYLEREFS="Times_New_Roman_10.5_______" CONTENT="pas¬"/></TextLine><TextLine ID="tl_12" BASELINE="1236" HEIGHT="61" WIDTH="1875" VPOS="1175" HPOS="557" STYLEREFS="Times_New_Roman_10.5_______"><String ID="w_w1aab1c13b2b5c11ab1" HEIGHT="38" WIDTH="291" VPOS="1188" HPOS="557" STYLEREFS="Times_New_Roman_10.5_______" CONTENT="sionnaient"/><String ID="w_w1aab1c13b2b5c11ac23" HEIGHT="40" WIDTH="239" VPOS="1185" HPOS="878" STYLEREFS="Times_New_Roman_10.5_______" CONTENT="l'auteur"/><String ID="w_w1aab1c13b2b5c11ac41" HEIGHT="37" WIDTH="86" VPOS="1188" HPOS="1143" STYLEREFS="Times_New_Roman_10.5_______" CONTENT="des"/><String ID="w_w1aab1c13b2b5c11ac49" HEIGHT="45" WIDTH="230" VPOS="1188" HPOS="1258" STYLEREFS="Times_New_Roman_10.5_______" CONTENT="maximes,"/><String ID="w_w1aab1c13b2b5c11ac67" HEIGHT="27" WIDTH="58" VPOS="1196" HPOS="1524" STYLEREFS="Times_New_Roman_10.5_______" CONTENT="on"/><String ID="w_w1aab1c13b2b5c11ac73" HEIGHT="37" WIDTH="173" VPOS="1186" HPOS="1613" STYLEREFS="Times_New_Roman_10.5_______" CONTENT="trouve"/><String ID="w_w1aab1c13b2b5c11ac87" HEIGHT="37" WIDTH="118" VPOS="1187" HPOS="1816" STYLEREFS="Times_New_Roman_10.5_______" CONTENT="cela"/><String ID="w_w1aab1c13b2b5c11ac97" HEIGHT="36" WIDTH="57" VPOS="1188" HPOS="1964" STYLEREFS="Times_New_Roman_10.5_______" CONTENT="si"/><String ID="w_w1aab1c13b2b5c11ad103" HEIGHT="45" WIDTH="117" VPOS="1178" HPOS="2050" STYLEREFS="Times_New_Roman_10.5_______" CONTENT="bête"/><String ID="w_w1aab1c13b2b5c11ad113" HEIGHT="36" WIDTH="84" VPOS="1196" HPOS="2199" STYLEREFS="Times_New_Roman_10.5_______" CONTENT="que"/><String ID="w_w1aab1c13b2b5c11ad121" HEIGHT="38" WIDTH="120" VPOS="1185" HPOS="2312" STYLEREFS="Times_New_Roman_10.5_______" CONTENT="l'on"/></TextLine><TextLine ID="tl_13" BASELINE="1344" HEIGHT="63" WIDTH="1820" VPOS="1281" HPOS="552" STYLEREFS="Times_New_Roman_10.5_______"><String ID="w_w1aab1c13b2b5c13ab1" HEIGHT="47" WIDTH="237" VPOS="1289" HPOS="552" STYLEREFS="Times_New_Roman_10.5_______" CONTENT="a'édpnne"/><String ID="w_w1aab1c13b2b5c13ac19" HEIGHT="37" WIDTH="57" VPOS="1295" HPOS="820" STYLEREFS="Times_New_Roman_10.5_______" CONTENT="de"/><String ID="w_w1aab1c13b2b5c13ac25" HEIGHT="46" WIDTH="264" VPOS="1284" HPOS="906" STYLEREFS="Times_New_Roman_10.5_______" CONTENT="l'intérêt"/><String ID="w_w1aab1c13b2b5c13ac45" HEIGHT="48" WIDTH="118" VPOS="1291" HPOS="1202" STYLEREFS="Times_New_Roman_10.5_______" CONTENT="qu'à"/><String ID="w_w1aab1c13b2b5c13ac55" HEIGHT="35" WIDTH="58" VPOS="1301" HPOS="1348" STYLEREFS="Times_New_Roman_10.5_______" CONTENT="pu"/><String ID="w_w1aab1c13b2b5c13ac61" HEIGHT="38" WIDTH="32" VPOS="1302" HPOS="1431" STYLEREFS="Times_New_Roman_10.5_______" CONTENT="y"/><String ID="w_w1aab1c13b2b5c13ac65" HEIGHT="42" WIDTH="203" VPOS="1293" HPOS="1496" STYLEREFS="Times_New_Roman_10.5_______" CONTENT="prendre"/><String ID="w_w1aab1c13b2b5c13ac81" HEIGHT="28" WIDTH="60" VPOS="1300" HPOS="1728" STYLEREFS="Times_New_Roman_10.5_______" CONTENT="un"/><String ID="w_w1aab1c13b2b5c13ac87" HEIGHT="34" WIDTH="57" VPOS="1294" HPOS="1817" STYLEREFS="Times_New_Roman_10.5_______" CONTENT="si"/><String ID="w_w1aab1c13b2b5c13ac93" HEIGHT="43" WIDTH="146" VPOS="1294" HPOS="1902" STYLEREFS="Times_New_Roman_10.5_______" CONTENT="grand"/><String ID="w_w1aab1c13b2b5c13ad105" HEIGHT="44" WIDTH="199" VPOS="1291" HPOS="2080" STYLEREFS="Times_New_Roman_10.5_______" CONTENT="esprit."/><String ID="w_w1aab1c13b2b5c13ad121" HEIGHT="37" WIDTH="60" VPOS="1293" HPOS="2312" STYLEREFS="Times_New_Roman_10.5_______" CONTENT="La"/></TextLine><TextLine ID="tl_14" BASELINE="1446" HEIGHT="59" WIDTH="1876" VPOS="1387" HPOS="556" STYLEREFS="Times_New_Roman_10.5_______"><String ID="w_w1aab1c13b2b5c15ab1" HEIGHT="38" WIDTH="174" VPOS="1399" HPOS="556" STYLEREFS="Times_New_Roman_10.5_______" CONTENT="fronde"/><String ID="w_w1aab1c13b2b5c15ac15" HEIGHT="51" WIDTH="263" VPOS="1390" HPOS="760" STYLEREFS="Times_New_Roman_10.5_______" CONTENT="n'empêche"/><String ID="w_w1aab1c13b2b5c15ac35" HEIGHT="34" WIDTH="112" VPOS="1400" HPOS="1055" STYLEREFS="Times_New_Roman_10.5_______" CONTENT="donc"/><String ID="w_w1aab1c13b2b5c15ac45" HEIGHT="35" WIDTH="83" VPOS="1407" HPOS="1204" STYLEREFS="Times_New_Roman_10.5_______" CONTENT="pas"/><String ID="w_w1aab1c13b2b5c15ac53" HEIGHT="27" WIDTH="59" VPOS="1407" HPOS="1317" STYLEREFS="Times_New_Roman_10.5_______" CONTENT="un"/><String ID="w_w1aab1c13b2b5c15ac59" HEIGHT="44" WIDTH="143" VPOS="1398" HPOS="1407" STYLEREFS="Times_New_Roman_10.5_______" CONTENT="grand"/><String ID="w_w1aab1c13b2b5c15ac71" HEIGHT="41" WIDTH="174" VPOS="1394" HPOS="1583" STYLEREFS="Times_New_Roman_10.5_______" CONTENT="siècle"/><String ID="w_w1aab1c13b2b5c15ac85" HEIGHT="35" WIDTH="55" VPOS="1399" HPOS="1789" STYLEREFS="Times_New_Roman_10.5_______" CONTENT="de"/><String ID="w_w1aab1c13b2b5c15ac91" HEIGHT="47" WIDTH="196" VPOS="1389" HPOS="1873" STYLEREFS="Times_New_Roman_10.5_______" CONTENT="naître:"/><String ID="w_w1aab1c13b2b5c15ad107" HEIGHT="39" WIDTH="57" VPOS="1396" HPOS="2109" STYLEREFS="Times_New_Roman_10.5_______" CONTENT="il"/><String ID="w_w1aab1c13b2b5c15ad113" HEIGHT="37" WIDTH="86" VPOS="1397" HPOS="2197" STYLEREFS="Times_New_Roman_10.5_______" CONTENT="est"/><String ID="w_w1aab1c13b2b5c15ad121" HEIGHT="36" WIDTH="120" VPOS="1399" HPOS="2311" STYLEREFS="Times_New_Roman_10.5_______" CONTENT="vrai"/></TextLine><TextLine ID="tl_15" BASELINE="1552" HEIGHT="53" WIDTH="1172" VPOS="1499" HPOS="556" STYLEREFS="Times_New_Roman_10.5_______"><String ID="w_w1aab1c13b2b7b1ab1" HEIGHT="48" WIDTH="145" VPOS="1503" HPOS="556" STYLEREFS="Times_New_Roman_10.5_______" CONTENT="qu'il"/><String ID="w_w1aab1c13b2b7b1ac13" HEIGHT="31" WIDTH="117" VPOS="1512" HPOS="730" STYLEREFS="Times_New_Roman_10.5_______" CONTENT="nous"/><String ID="w_w1aab1c13b2b7b1ac23" HEIGHT="37" WIDTH="145" VPOS="1504" HPOS="879" STYLEREFS="Times_New_Roman_10.5_______" CONTENT="reste"/><String ID="w_w1aab1c13b2b7b1ac35" HEIGHT="38" WIDTH="29" VPOS="1502" HPOS="1055" STYLEREFS="Times_New_Roman_10.5_______" CONTENT="à"/><String ID="w_w1aab1c13b2b7b1ac39" HEIGHT="39" WIDTH="206" VPOS="1503" HPOS="1115" STYLEREFS="Times_New_Roman_10.5_______" CONTENT="trouver"/><String ID="w_w1aab1c13b2b7b1ac55" HEIGHT="36" WIDTH="60" VPOS="1505" HPOS="1345" STYLEREFS="Times_New_Roman_10.5_______" CONTENT="le"/><String ID="w_w1aab1c13b2b7b1ac61" HEIGHT="37" WIDTH="88" VPOS="1503" HPOS="1434" STYLEREFS="Times_New_Roman_10.5_______" CONTENT="Soi"/><String ID="w_w1aab1c13b2b7b1ac69" HEIGHT="38" WIDTH="174" VPOS="1503" HPOS="1554" STYLEREFS="Times_New_Roman_10.5_______" CONTENT="Soleil"/></TextLine></TextBlock><TextBlock ID="TextRegion_1516033314217_7" HEIGHT="1586" WIDTH="1911" VPOS="1558" HPOS="551"><Shape><Polygon POINTS="1460,1558 1863,1558 2462,1600 2462,2717 2456,3144 555,3144 551,2717 551,1600"/></Shape><TextLine ID="line_1516033452357_8" BASELINE="1657" HEIGHT="65" WIDTH="167" VPOS="1592" HPOS="369"><String ID="string_line_1516033452357_8" HEIGHT="65" WIDTH="167" VPOS="1592" HPOS="369" CONTENT="3 Mars"/></TextLine><TextLine ID="line_1516033456465_9" BASELINE="1744" HEIGHT="50" WIDTH="386" VPOS="1694" HPOS="120"><String ID="string_line_1516033456465_9" HEIGHT="50" WIDTH="386" VPOS="1694" HPOS="120" CONTENT="(ou 25 février ?)"/></TextLine><TextLine ID="tl_16" BASELINE="1608" HEIGHT="49" WIDTH="401" VPOS="1559" HPOS="1461"><String ID="w_w1aab1c13b2b9b1ab1" HEIGHT="4" WIDTH="20" VPOS="1602" HPOS="1461" STYLEREFS="Times_New_Roman_11.5_______" CONTENT="."/><String ID="w_w1aab1c13b2b9b1ab5" HEIGHT="47" WIDTH="31" VPOS="1560" HPOS="1693" STYLEREFS="Times_New_Roman_11.5_______" CONTENT="P"/><String ID="w_w1aab1c13b2b9b1b1b1" HEIGHT="42" WIDTH="138" VPOS="1564" HPOS="1724" STYLEREFS="Times_New_Roman_10.0__true_____" CONTENT="ueXtr"/></TextLine><TextLine ID="tl_17" BASELINE="1659" HEIGHT="58" WIDTH="1846" VPOS="1601" HPOS="553"><String ID="w_w1aab1c13b2c11b1ab1" HEIGHT="36" WIDTH="234" VPOS="1609" HPOS="553" STYLEREFS="Times_New_Roman_10.5______true_" CONTENT="VB8DRBDI"/><String ID="w_w1aab1c13b2c11b1b1b3" HEIGHT="13" WIDTH="30" VPOS="1626" HPOS="817" STYLEREFS="Times_New_Roman_10.5_______" CONTENT="-"/><String ID="w_w1aab1c13b2c11b1b1b7" HEIGHT="38" WIDTH="322" VPOS="1609" HPOS="907" STYLEREFS="Times_New_Roman_10.5_______" CONTENT="Discussions"/><String ID="w_w1aab1c13b2c11b1b1c31" HEIGHT="43" WIDTH="312" VPOS="1605" HPOS="1262" STYLEREFS="Times_New_Roman_10.5_______" CONTENT="financière."/><String ID="w_w1aab1c13b2c11b1b1c55" HEIGHT="39" WIDTH="233" VPOS="1608" HPOS="1610" STYLEREFS="Times_New_Roman_10.5_______" CONTENT="Personne"/><String ID="w_w1aab1c13b2c11b1b1c73" HEIGHT="38" WIDTH="147" VPOS="1608" HPOS="1873" STYLEREFS="Times_New_Roman_10.5_______" CONTENT="croit"/><String ID="w_w1aab1c13b2c11b1b1c85" HEIGHT="39" WIDTH="86" VPOS="1616" HPOS="2051" STYLEREFS="Times_New_Roman_10.5_______" CONTENT="que"/><String ID="w_w1aab1c13b2c11b1b1c93" HEIGHT="36" WIDTH="87" VPOS="1609" HPOS="2166" STYLEREFS="Times_New_Roman_10.5_______" CONTENT="lea"/><String ID="w_w1aab1c13b2c11b1b1d101" HEIGHT="37" WIDTH="115" VPOS="1608" HPOS="2284" STYLEREFS="Times_New_Roman_10.5_______" CONTENT="der¬"/></TextLine><TextLine ID="tl_18" BASELINE="1766" HEIGHT="58" WIDTH="1790" VPOS="1708" HPOS="552" STYLEREFS="Times_New_Roman_10.5_______"><String ID="w_w1aab1c13b2c11b3ab1" HEIGHT="36" WIDTH="146" VPOS="1717" HPOS="552" STYLEREFS="Times_New_Roman_10.5_______" CONTENT="niers"/><String ID="w_w1aab1c13b2c11b3ac13" HEIGHT="41" WIDTH="291" VPOS="1712" HPOS="732" STYLEREFS="Times_New_Roman_10.5_______" CONTENT="évènements"/><String ID="w_w1aab1c13b2c11b3ac35" HEIGHT="45" WIDTH="208" VPOS="1715" HPOS="1054" STYLEREFS="Times_New_Roman_10.5_______" CONTENT="d'Alger"/><String ID="w_w1aab1c13b2c11b3ac51" HEIGHT="46" WIDTH="236" VPOS="1714" HPOS="1286" STYLEREFS="Times_New_Roman_10.5_______" CONTENT="marquait"/><String ID="w_w1aab1c13b2c11b3ac69" HEIGHT="28" WIDTH="60" VPOS="1724" HPOS="1551" STYLEREFS="Times_New_Roman_10.5_______" CONTENT="un"/><String ID="w_w1aab1c13b2c11b3ac75" HEIGHT="46" WIDTH="318" VPOS="1713" HPOS="1643" STYLEREFS="Times_New_Roman_10.5_______" CONTENT="éloignement"/><String ID="w_w1aab1c13b2c11b3ac99" HEIGHT="35" WIDTH="58" VPOS="1716" HPOS="1992" STYLEREFS="Times_New_Roman_10.5_______" CONTENT="de"/><String ID="w_w1aab1c13b2c11b3ad105" HEIGHT="37" WIDTH="59" VPOS="1714" HPOS="2078" STYLEREFS="Times_New_Roman_10.5_______" CONTENT="la"/><String ID="w_w1aab1c13b2c11b3ad111" HEIGHT="36" WIDTH="176" VPOS="1715" HPOS="2166" STYLEREFS="Times_New_Roman_10.5_______" CONTENT="France"/></TextLine><TextLine ID="tl_19" BASELINE="1871" HEIGHT="56" WIDTH="1907" VPOS="1815" HPOS="553" STYLEREFS="Times_New_Roman_10.5_______"><String ID="w_w1aab1c13b2c11b5ab1" HEIGHT="46" WIDTH="265" VPOS="1820" HPOS="553" STYLEREFS="Times_New_Roman_10.5_______" CONTENT="gaulliste"/><String ID="w_w1aab1c13b2c11b5ac21" HEIGHT="29" WIDTH="89" VPOS="1830" HPOS="850" STYLEREFS="Times_New_Roman_10.5_______" CONTENT="sur"/><String ID="w_w1aab1c13b2c11b5ac29" HEIGHT="46" WIDTH="377" VPOS="1819" HPOS="965" STYLEREFS="Times_New_Roman_10.5_______" CONTENT="l'Angleterre."/><String ID="w_w1aab1c13b2c11b5ac57" HEIGHT="35" WIDTH="58" VPOS="1821" HPOS="1378" STYLEREFS="Times_New_Roman_10.5_______" CONTENT="8n"/><String ID="w_w1aab1c13b2c11b5ac63" HEIGHT="29" WIDTH="144" VPOS="1829" HPOS="1467" STYLEREFS="Times_New_Roman_10.5_______" CONTENT="somme"/><String ID="w_w1aab1c13b2c11b5ac75" HEIGHT="37" WIDTH="115" VPOS="1819" HPOS="1642" STYLEREFS="Times_New_Roman_10.5_______" CONTENT="tout"/><String ID="w_w1aab1c13b2c11b5ac85" HEIGHT="37" WIDTH="148" VPOS="1820" HPOS="1786" STYLEREFS="Times_New_Roman_10.5_______" CONTENT="vient"/><String ID="w_w1aab1c13b2c11b5ac97" HEIGHT="36" WIDTH="58" VPOS="1821" HPOS="1963" STYLEREFS="Times_New_Roman_10.5_______" CONTENT="de"/><String ID="w_w1aab1c13b2c11b5ad103" HEIGHT="29" WIDTH="58" VPOS="1828" HPOS="2050" STYLEREFS="Times_New_Roman_10.5_______" CONTENT="ce"/><String ID="w_w1aab1c13b2c11b5ad109" HEIGHT="37" WIDTH="87" VPOS="1828" HPOS="2139" STYLEREFS="Times_New_Roman_10.5_______" CONTENT="que"/><String ID="w_w1aab1c13b2c11b5ad117" HEIGHT="37" WIDTH="62" VPOS="1820" HPOS="2253" STYLEREFS="Times_New_Roman_10.5_______" CONTENT="la"/><String ID="w_w1aab1c13b2c11b5ad123" HEIGHT="37" WIDTH="118" VPOS="1819" HPOS="2342" STYLEREFS="Times_New_Roman_10.5_______" CONTENT="Rus¬"/></TextLine><TextLine ID="tl_20" BASELINE="1975" HEIGHT="57" WIDTH="1875" VPOS="1918" HPOS="555" STYLEREFS="Times_New_Roman_10.5_______"><String ID="w_w1aab1c13b2c11b7ab1" HEIGHT="37" WIDTH="88" VPOS="1928" HPOS="555" STYLEREFS="Times_New_Roman_10.5_______" CONTENT="sie"/><String ID="w_w1aab1c13b2c11b7ab9" HEIGHT="29" WIDTH="116" VPOS="1935" HPOS="672" STYLEREFS="Times_New_Roman_10.5_______" CONTENT="nous"/><String ID="w_w1aab1c13b2c11b7ac19" HEIGHT="28" WIDTH="30" VPOS="1936" HPOS="820" STYLEREFS="Times_New_Roman_10.5_______" CONTENT="a"/><String ID="w_w1aab1c13b2c11b7ac23" HEIGHT="41" WIDTH="264" VPOS="1923" HPOS="878" STYLEREFS="Times_New_Roman_10.5_______" CONTENT="abandonné"/><String ID="w_w1aab1c13b2c11b7ac43" HEIGHT="37" WIDTH="30" VPOS="1925" HPOS="1173" STYLEREFS="Times_New_Roman_10.5_______" CONTENT="à"/><String ID="w_w1aab1c13b2c11b7ac47" HEIGHT="42" WIDTH="203" VPOS="1921" HPOS="1232" STYLEREFS="Times_New_Roman_10.5_______" CONTENT="Téhéran"/><String ID="w_w1aab1c13b2c11b7ac63" HEIGHT="9" WIDTH="31" VPOS="1944" HPOS="1464" STYLEREFS="Times_New_Roman_10.5_______" CONTENT="-"/><String ID="w_w1aab1c13b2c11b7ac67" HEIGHT="40" WIDTH="85" VPOS="1922" HPOS="1525" STYLEREFS="Times_New_Roman_10.5_______" CONTENT="dès"/><String ID="w_w1aab1c13b2c11b7ac75" HEIGHT="39" WIDTH="118" VPOS="1926" HPOS="1641" STYLEREFS="Times_New_Roman_10.5_______" CONTENT="lors"/><String ID="w_w1aab1c13b2c11b7ac85" HEIGHT="36" WIDTH="57" VPOS="1926" HPOS="1788" STYLEREFS="Times_New_Roman_10.5_______" CONTENT="le"/><String ID="w_w1aab1c13b2c11b7ac91" HEIGHT="46" WIDTH="262" VPOS="1923" HPOS="1875" STYLEREFS="Times_New_Roman_10.5_______" CONTENT="gaulliste"/><String ID="w_w1aab1c13b2c11b7ad111" HEIGHT="29" WIDTH="54" VPOS="1933" HPOS="2172" STYLEREFS="Times_New_Roman_10.5_______" CONTENT="se"/><String ID="w_w1aab1c13b2c11b7ad117" HEIGHT="36" WIDTH="174" VPOS="1925" HPOS="2256" STYLEREFS="Times_New_Roman_10.5_______" CONTENT="trouve"/></TextLine><TextLine ID="tl_21" BASELINE="2083" HEIGHT="62" WIDTH="1874" VPOS="2021" HPOS="557" STYLEREFS="Times_New_Roman_10.5_______"><String ID="w_w1aab1c13b2c11b9ab1" HEIGHT="47" WIDTH="203" VPOS="2028" HPOS="557" STYLEREFS="Times_New_Roman_10.5_______" CONTENT="déporté"/><String ID="w_w1aab1c13b2c11b9ac17" HEIGHT="29" WIDTH="118" VPOS="2039" HPOS="789" STYLEREFS="Times_New_Roman_10.5_______" CONTENT="vers"/><String ID="w_w1aab1c13b2c11b9ac27" HEIGHT="44" WIDTH="376" VPOS="2031" HPOS="935" STYLEREFS="Times_New_Roman_10.5_______" CONTENT="l'Angleterre."/><String ID="w_w1aab1c13b2c11b9ac55" HEIGHT="41" WIDTH="178" VPOS="2027" HPOS="1346" STYLEREFS="Times_New_Roman_10.5_______" CONTENT="Mendès"/><String ID="w_w1aab1c13b2c11b9ac69" HEIGHT="35" WIDTH="173" VPOS="2032" HPOS="1555" STYLEREFS="Times_New_Roman_10.5_______" CONTENT="France"/><String ID="w_w1aab1c13b2c11b9ac83" HEIGHT="28" WIDTH="31" VPOS="2038" HPOS="1759" STYLEREFS="Times_New_Roman_10.5_______" CONTENT="a"/><String ID="w_w1aab1c13b2c11b9ac87" HEIGHT="47" WIDTH="203" VPOS="2026" HPOS="1817" STYLEREFS="Times_New_Roman_10.5_______" CONTENT="accepté"/><String ID="w_w1aab1c13b2c11b9ad103" HEIGHT="38" WIDTH="60" VPOS="2030" HPOS="2050" STYLEREFS="Times_New_Roman_10.5_______" CONTENT="la"/><String ID="w_w1aab1c13b2c11b9ad109" HEIGHT="46" WIDTH="290" VPOS="2028" HPOS="2141" STYLEREFS="Times_New_Roman_10.5_______" CONTENT="suggestion"/></TextLine><TextLine ID="tl_22" BASELINE="2192" HEIGHT="64" WIDTH="1784" VPOS="2128" HPOS="557" STYLEREFS="Times_New_Roman_10.5_______"><String ID="w_w1aab1c13b2c11c11ab1" HEIGHT="28" WIDTH="88" VPOS="2146" HPOS="557" STYLEREFS="Times_New_Roman_10.5_______" CONTENT="aux"/><String ID="w_w1aab1c13b2c11c11ab9" HEIGHT="46" WIDTH="206" VPOS="2137" HPOS="673" STYLEREFS="Times_New_Roman_10.5_______" CONTENT="banques"/><String ID="w_w1aab1c13b2c11c11ac25" HEIGHT="13" WIDTH="31" VPOS="2152" HPOS="906" STYLEREFS="Times_New_Roman_10.5_______" CONTENT="-"/><String ID="w_w1aab1c13b2c11c11ac29" HEIGHT="38" WIDTH="56" VPOS="2136" HPOS="969" STYLEREFS="Times_New_Roman_10.5_______" CONTENT="il"/><String ID="w_w1aab1c13b2c11c11ac35" HEIGHT="49" WIDTH="87" VPOS="2135" HPOS="1056" STYLEREFS="Times_New_Roman_10.5_______" CONTENT="n-*y"/><String ID="w_w1aab1c13b2c11c11ac45" HEIGHT="40" WIDTH="146" VPOS="2134" HPOS="1172" STYLEREFS="Times_New_Roman_10.5_______" CONTENT="avait"/><String ID="w_w1aab1c13b2c11c11ac57" HEIGHT="34" WIDTH="84" VPOS="2145" HPOS="1351" STYLEREFS="Times_New_Roman_10.5_______" CONTENT="pas"/><String ID="w_w1aab1c13b2c11c11ac65" HEIGHT="38" WIDTH="232" VPOS="2135" HPOS="1466" STYLEREFS="Times_New_Roman_10.5_______" CONTENT="d'autres"/><String ID="w_w1aab1c13b2c11c11ac83" HEIGHT="39" WIDTH="175" VPOS="2142" HPOS="1728" STYLEREFS="Times_New_Roman_10.5_______" CONTENT="moyens"/><String ID="w_w1aab1c13b2c11c11ac97" HEIGHT="36" WIDTH="117" VPOS="2143" HPOS="1936" STYLEREFS="Times_New_Roman_10.5_______" CONTENT="pour"/><String ID="w_w1aab1c13b2c11c11ad107" HEIGHT="39" WIDTH="148" VPOS="2142" HPOS="2081" STYLEREFS="Times_New_Roman_10.5_______" CONTENT="payer"/><String ID="w_w1aab1c13b2c11c11ad119" HEIGHT="37" WIDTH="86" VPOS="2135" HPOS="2255" STYLEREFS="Times_New_Roman_10.5_______" CONTENT="les"/></TextLine><TextLine ID="tl_23" BASELINE="2296" HEIGHT="63" WIDTH="1902" VPOS="2233" HPOS="559" STYLEREFS="Times_New_Roman_10.5_______"><String ID="w_w1aab1c13b2c11c13ab1" HEIGHT="45" WIDTH="350" VPOS="2241" HPOS="559" STYLEREFS="Times_New_Roman_10.5_______" CONTENT="importations"/><String ID="w_w1aab1c13b2c11c13ac27" HEIGHT="45" WIDTH="87" VPOS="2242" HPOS="941" STYLEREFS="Times_New_Roman_10.5_______" CONTENT="qui"/><String ID="w_w1aab1c13b2c11c13ac35" HEIGHT="29" WIDTH="117" VPOS="2250" HPOS="1056" STYLEREFS="Times_New_Roman_10.5_______" CONTENT="nous"/><String ID="w_w1aab1c13b2c11c13ac45" HEIGHT="39" WIDTH="115" VPOS="2240" HPOS="1205" STYLEREFS="Times_New_Roman_10.5_______" CONTENT="sont"/><String ID="w_w1aab1c13b2c11c13ac55" HEIGHT="42" WIDTH="346" VPOS="2238" HPOS="1348" STYLEREFS="Times_New_Roman_10.5_______" CONTENT="nécessaires."/><String ID="w_w1aab1c13b2c11c13ac81" HEIGHT="37" WIDTH="58" VPOS="2242" HPOS="1731" STYLEREFS="Times_New_Roman_10.5_______" CONTENT="91"/><String ID="w_w1aab1c13b2c11c13ac87" HEIGHT="40" WIDTH="120" VPOS="2238" HPOS="1815" STYLEREFS="Times_New_Roman_10.5_______" CONTENT="1*on"/><String ID="w_w1aab1c13b2c11c13ac97" HEIGHT="39" WIDTH="144" VPOS="2239" HPOS="1964" STYLEREFS="Times_New_Roman_10.5_______" CONTENT="admet"/><String ID="w_w1aab1c13b2c11c13ad109" HEIGHT="38" WIDTH="121" VPOS="2240" HPOS="2139" STYLEREFS="Times_New_Roman_10.5_______" CONTENT="cela"/><String ID="w_w1aab1c13b2c11c13ad119" HEIGHT="46" WIDTH="176" VPOS="2241" HPOS="2285" STYLEREFS="Times_New_Roman_10.5_______" CONTENT="dis-je"/></TextLine><TextLine ID="tl_24" BASELINE="2401" HEIGHT="66" WIDTH="1840" VPOS="2335" HPOS="558" STYLEREFS="Times_New_Roman_10.5_______"><String ID="w_w1aab1c13b2c11c15ab1" HEIGHT="34" WIDTH="57" VPOS="2348" HPOS="558" STYLEREFS="Times_New_Roman_10.5_______" CONTENT="le"/><String ID="w_w1aab1c13b2c11c15ab7" HEIGHT="44" WIDTH="324" VPOS="2346" HPOS="645" STYLEREFS="Times_New_Roman_10.5_______" CONTENT="capitalisme"/><String ID="w_w1aab1c13b2c11c15ac31" HEIGHT="28" WIDTH="56" VPOS="2356" HPOS="1000" STYLEREFS="Times_New_Roman_10.5_______" CONTENT="se"/><String ID="w_w1aab1c13b2c11c15ac37" HEIGHT="45" WIDTH="256" VPOS="2347" HPOS="1089" STYLEREFS="Times_New_Roman_10.5_______" CONTENT="redresse,"/><String ID="w_w1aab1c13b2c11c15ac57" HEIGHT="38" WIDTH="57" VPOS="2346" HPOS="1380" STYLEREFS="Times_New_Roman_10.5_______" CONTENT="il"/><String ID="w_w1aab1c13b2c11c15ac63" HEIGHT="38" WIDTH="87" VPOS="2346" HPOS="1467" STYLEREFS="Times_New_Roman_10.5_______" CONTENT="est"/><String ID="w_w1aab1c13b2c11c15ac71" HEIGHT="42" WIDTH="167" VPOS="2341" HPOS="1586" STYLEREFS="Times_New_Roman_10.5_______" CONTENT="sauvé."/><String ID="w_w1aab1c13b2c11c15ac85" HEIGHT="45" WIDTH="109" VPOS="2346" HPOS="1790" STYLEREFS="Times_New_Roman_10.5_______" CONTENT="Qui,"/><String ID="w_w1aab1c13b2c11c15ac95" HEIGHT="48" WIDTH="174" VPOS="2341" HPOS="1936" STYLEREFS="Times_New_Roman_10.5_______" CONTENT="répond"/><String ID="w_w1aab1c13b2c11c15ad109" HEIGHT="48" WIDTH="258" VPOS="2344" HPOS="2140" STYLEREFS="Times_New_Roman_10.5_______" CONTENT="Personne,"/></TextLine><TextLine ID="tl_25" BASELINE="2507" HEIGHT="66" WIDTH="1787" VPOS="2441" HPOS="555" STYLEREFS="Times_New_Roman_10.5_______"><String ID="w_w1aab1c13b2c11c17ab1" HEIGHT="36" WIDTH="119" VPOS="2452" HPOS="555" STYLEREFS="Times_New_Roman_10.5_______" CONTENT="mais"/><String ID="w_w1aab1c13b2c11c17ac11" HEIGHT="35" WIDTH="118" VPOS="2459" HPOS="706" STYLEREFS="Times_New_Roman_10.5_______" CONTENT="pour"/><String ID="w_w1aab1c13b2c11c17ac21" HEIGHT="41" WIDTH="25" VPOS="2452" HPOS="852" STYLEREFS="Times_New_Roman_10.5_______" CONTENT="5"/><String ID="w_w1aab1c13b2c11c17ac25" HEIGHT="28" WIDTH="88" VPOS="2460" HPOS="910" STYLEREFS="Times_New_Roman_10.5_______" CONTENT="ans"/><String ID="w_w1aab1c13b2c11c17ac33" HEIGHT="47" WIDTH="285" VPOS="2450" HPOS="1031" STYLEREFS="Times_New_Roman_10.5_______" CONTENT="seulement,"/><String ID="w_w1aab1c13b2c11c17ac55" HEIGHT="38" WIDTH="31" VPOS="2448" HPOS="1349" STYLEREFS="Times_New_Roman_10.5_______" CONTENT="à"/><String ID="w_w1aab1c13b2c11c17ac59" HEIGHT="36" WIDTH="146" VPOS="2452" HPOS="1405" STYLEREFS="Times_New_Roman_10.5_______" CONTENT="moins"/><String ID="w_w1aab1c13b2c11c17ac71" HEIGHT="37" WIDTH="85" VPOS="2460" HPOS="1585" STYLEREFS="Times_New_Roman_10.5_______" CONTENT="que"/><String ID="w_w1aab1c13b2c11c17ac79" HEIGHT="29" WIDTH="114" VPOS="2458" HPOS="1702" STYLEREFS="Times_New_Roman_10.5_______" CONTENT="vous"/><String ID="w_w1aab1c13b2c11c17ac89" HEIGHT="31" WIDTH="59" VPOS="2458" HPOS="1845" STYLEREFS="Times_New_Roman_10.5_______" CONTENT="ne"/><String ID="w_w1aab1c13b2c11c17ac95" HEIGHT="42" WIDTH="231" VPOS="2452" HPOS="1937" STYLEREFS="Times_New_Roman_10.5_______" CONTENT="puissies"/><String ID="w_w1aab1c13b2c11c17ad113" HEIGHT="39" WIDTH="143" VPOS="2449" HPOS="2199" STYLEREFS="Times_New_Roman_10.5_______" CONTENT="faire"/></TextLine><TextLine ID="tl_26" BASELINE="2610" HEIGHT="68" WIDTH="1785" VPOS="2542" HPOS="558" STYLEREFS="Times_New_Roman_10.5_______"><String ID="w_w1aab1c13b2c11c19ab1" HEIGHT="39" WIDTH="117" VPOS="2554" HPOS="558" STYLEREFS="Times_New_Roman_10.5_______" CONTENT="tout"/><String ID="w_w1aab1c13b2c11c19ac11" HEIGHT="36" WIDTH="58" VPOS="2557" HPOS="705" STYLEREFS="Times_New_Roman_10.5_______" CONTENT="de"/><String ID="w_w1aab1c13b2c11c19ac17" HEIGHT="38" WIDTH="146" VPOS="2555" HPOS="792" STYLEREFS="Times_New_Roman_10.5_______" CONTENT="suite"/><String ID="w_w1aab1c13b2c11c19ac29" HEIGHT="28" WIDTH="88" VPOS="2565" HPOS="968" STYLEREFS="Times_New_Roman_10.5_______" CONTENT="une"/><String ID="w_w1aab1c13b2c11c19ac37" HEIGHT="43" WIDTH="291" VPOS="2552" HPOS="1088" STYLEREFS="Times_New_Roman_10.5_______" CONTENT="révolution"/><String ID="w_w1aab1c13b2c11c19ac59" HEIGHT="29" WIDTH="113" VPOS="2564" HPOS="1409" STYLEREFS="Times_New_Roman_10.5_______" CONTENT="sous"/><String ID="w_w1aab1c13b2c11c19ac69" HEIGHT="37" WIDTH="59" VPOS="2557" HPOS="1552" STYLEREFS="Times_New_Roman_10.5_______" CONTENT="le"/><String ID="w_w1aab1c13b2c11c19ac75" HEIGHT="43" WIDTH="144" VPOS="2557" HPOS="1644" STYLEREFS="Times_New_Roman_10.5_______" CONTENT="signe"/><String ID="w_w1aab1c13b2c11c19ac87" HEIGHT="35" WIDTH="58" VPOS="2558" HPOS="1817" STYLEREFS="Times_New_Roman_10.5_______" CONTENT="de"/><String ID="w_w1aab1c13b2c11c19ac93" HEIGHT="37" WIDTH="61" VPOS="2557" HPOS="1903" STYLEREFS="Times_New_Roman_10.5_______" CONTENT="la"/><String ID="w_w1aab1c13b2c11c19ac99" HEIGHT="50" WIDTH="256" VPOS="2551" HPOS="1993" STYLEREFS="Times_New_Roman_10.5_______" CONTENT="pauvretéi"/><String ID="w_w1aab1c13b2c11c19ad119" HEIGHT="28" WIDTH="57" VPOS="2564" HPOS="2286" STYLEREFS="Times_New_Roman_10.5_______" CONTENT="en"/></TextLine><TextLine ID="tl_27" BASELINE="2716" HEIGHT="62" WIDTH="1780" VPOS="2654" HPOS="561" STYLEREFS="Times_New_Roman_10.5_______"><String ID="w_w1aab1c13b2c11c21ab1" HEIGHT="40" WIDTH="291" VPOS="2659" HPOS="561" STYLEREFS="Times_New_Roman_10.5_______" CONTENT="instituant"/><String ID="w_w1aab1c13b2c11c21ac23" HEIGHT="36" WIDTH="58" VPOS="2661" HPOS="880" STYLEREFS="Times_New_Roman_10.5_______" CONTENT="le"/><String ID="w_w1aab1c13b2c11c21ac29" HEIGHT="36" WIDTH="171" VPOS="2662" HPOS="972" STYLEREFS="Times_New_Roman_10.5_______" CONTENT="second"/><String ID="w_w1aab1c13b2c11c21ac43" HEIGHT="45" WIDTH="313" VPOS="2662" HPOS="1176" STYLEREFS="Times_New_Roman_10.5_______" CONTENT="socialisme,"/><String ID="w_w1aab1c13b2c11c21ac67" HEIGHT="28" WIDTH="113" VPOS="2671" HPOS="1528" STYLEREFS="Times_New_Roman_10.5_______" CONTENT="sans"/><String ID="w_w1aab1c13b2c11c21ac77" HEIGHT="39" WIDTH="117" VPOS="2660" HPOS="1671" STYLEREFS="Times_New_Roman_10.5_______" CONTENT="aide"/><String ID="w_w1aab1c13b2c11c21ac87" HEIGHT="36" WIDTH="48" VPOS="2661" HPOS="1817" STYLEREFS="Times_New_Roman_10.5_______" CONTENT="d*"/><String ID="w_w1aab1c13b2c11c21ac93" HEIGHT="44" WIDTH="284" VPOS="2662" HPOS="1877" STYLEREFS="Times_New_Roman_10.5_______" CONTENT="outre-Mer,"/><String ID="w_w1aab1c13b2c11c21ad115" HEIGHT="29" WIDTH="143" VPOS="2669" HPOS="2198" STYLEREFS="Times_New_Roman_10.5_______" CONTENT="comme"/></TextLine><TextLine ID="tl_29" BASELINE="2824" HEIGHT="74" WIDTH="1893" VPOS="2750" HPOS="561" STYLEREFS="Times_New_Roman_10.5_______"><String ID="w_w1aab1c13b2c15b1ab1" HEIGHT="37" WIDTH="85" VPOS="2765" HPOS="561" STYLEREFS="Times_New_Roman_10.5_______" CONTENT="ont"/><String ID="w_w1aab1c13b2c15b1ab9" HEIGHT="39" WIDTH="114" VPOS="2764" HPOS="677" STYLEREFS="Times_New_Roman_10.5_______" CONTENT="fait"/><String ID="w_w1aab1c13b2c15b1ac19" HEIGHT="37" WIDTH="88" VPOS="2766" HPOS="820" STYLEREFS="Times_New_Roman_10.5_______" CONTENT="lee"/><String ID="w_w1aab1c13b2c15b1ac27" HEIGHT="31" WIDTH="196" VPOS="2774" HPOS="942" STYLEREFS="Times_New_Roman_10.5_______" CONTENT="russes."/><String ID="w_w1aab1c13b2c15b1ac43" HEIGHT="43" WIDTH="265" VPOS="2766" HPOS="1172" STYLEREFS="Times_New_Roman_10.5_______" CONTENT="L'opinion"/><String ID="w_w1aab1c13b2c15b1ac63" HEIGHT="47" WIDTH="176" VPOS="2766" HPOS="1466" STYLEREFS="Times_New_Roman_10.5_______" CONTENT="dis-je"/><String ID="w_w1aab1c13b2c15b1ac77" HEIGHT="47" WIDTH="91" VPOS="2766" HPOS="1668" STYLEREFS="Times_New_Roman_10.5_______" CONTENT="n'y"/><String ID="w_w1aab1c13b2c15b1ac85" HEIGHT="40" WIDTH="85" VPOS="2764" HPOS="1788" STYLEREFS="Times_New_Roman_10.5_______" CONTENT="est"/><String ID="w_w1aab1c13b2c15b1ac93" HEIGHT="39" WIDTH="263" VPOS="2764" HPOS="1903" STYLEREFS="Times_New_Roman_10.5_______" CONTENT="nullement"/><String ID="w_w1aab1c13b2c15b1ad113" HEIGHT="51" WIDTH="256" VPOS="2761" HPOS="2198" STYLEREFS="Times_New_Roman_10.5_______" CONTENT="préparée;"/></TextLine><TextLine ID="tl_30" BASELINE="2932" HEIGHT="75" WIDTH="1862" VPOS="2857" HPOS="558" STYLEREFS="Times_New_Roman_10.5_______"><String ID="w_w1aab1c13b2c15b3ab1" HEIGHT="28" WIDTH="58" VPOS="2879" HPOS="558" STYLEREFS="Times_New_Roman_10.5_______" CONTENT="en"/><String ID="w_w1aab1c13b2c15b3ab7" HEIGHT="38" WIDTH="115" VPOS="2869" HPOS="647" STYLEREFS="Times_New_Roman_10.5_______" CONTENT="tout"/><String ID="w_w1aab1c13b2c15b3ac17" HEIGHT="29" WIDTH="86" VPOS="2880" HPOS="793" STYLEREFS="Times_New_Roman_10.5_______" CONTENT="cas"/><String ID="w_w1aab1c13b2c15b3ac25" HEIGHT="46" WIDTH="56" VPOS="2871" HPOS="910" STYLEREFS="Times_New_Roman_10.5_______" CONTENT="je"/><String ID="w_w1aab1c13b2c15b3ac31" HEIGHT="29" WIDTH="60" VPOS="2879" HPOS="996" STYLEREFS="Times_New_Roman_10.5_______" CONTENT="ne"/><String ID="w_w1aab1c13b2c15b3ac37" HEIGHT="38" WIDTH="117" VPOS="2871" HPOS="1084" STYLEREFS="Times_New_Roman_10.5_______" CONTENT="vois"/><String ID="w_w1aab1c13b2c15b3ac47" HEIGHT="38" WIDTH="232" VPOS="2871" HPOS="1232" STYLEREFS="Times_New_Roman_10.5_______" CONTENT="vraiment"/><String ID="w_w1aab1c13b2c15b3ac65" HEIGHT="35" WIDTH="83" VPOS="2880" HPOS="1496" STYLEREFS="Times_New_Roman_10.5_______" CONTENT="pas"/><String ID="w_w1aab1c13b2c15b3ac73" HEIGHT="29" WIDTH="57" VPOS="2880" HPOS="1612" STYLEREFS="Times_New_Roman_10.5_______" CONTENT="en"/><String ID="w_w1aab1c13b2c15b3ac79" HEIGHT="36" WIDTH="173" VPOS="2872" HPOS="1700" STYLEREFS="Times_New_Roman_10.5_______" CONTENT="France"/><String ID="w_w1aab1c13b2c15b3ac93" HEIGHT="23" WIDTH="16" VPOS="2895" HPOS="1911" STYLEREFS="Times_New_Roman_10.5_______" CONTENT=","/><String ID="w_w1aab1c13b2c15b3ac97" HEIGHT="28" WIDTH="55" VPOS="2880" HPOS="1963" STYLEREFS="Times_New_Roman_10.5_______" CONTENT="en"/><String ID="w_w1aab1c13b2c15b3ad103" HEIGHT="39" WIDTH="175" VPOS="2870" HPOS="2048" STYLEREFS="Times_New_Roman_10.5_______" CONTENT="dehors"/><String ID="w_w1aab1c13b2c15b3ad117" HEIGHT="36" WIDTH="60" VPOS="2872" HPOS="2253" STYLEREFS="Times_New_Roman_10.5_______" CONTENT="du"/><String ID="w_w1aab1c13b2c15b3ad123" HEIGHT="39" WIDTH="80" VPOS="2870" HPOS="2340" STYLEREFS="Times_New_Roman_10.5_______" CONTENT="PO."/></TextLine><TextLine ID="tl_31" BASELINE="3035" HEIGHT="76" WIDTH="1899" VPOS="2959" HPOS="556" STYLEREFS="Times_New_Roman_10.5_______"><String ID="w_w1aab1c13b2c15b5ab1" HEIGHT="44" WIDTH="175" VPOS="2974" HPOS="556" STYLEREFS="Times_New_Roman_10.5_______" CONTENT="quelle"/><String ID="w_w1aab1c13b2c15b5ac15" HEIGHT="36" WIDTH="85" VPOS="2975" HPOS="762" STYLEREFS="Times_New_Roman_10.5_______" CONTENT="est"/><String ID="w_w1aab1c13b2c15b5ac23" HEIGHT="37" WIDTH="61" VPOS="2975" HPOS="877" STYLEREFS="Times_New_Roman_10.5_______" CONTENT="la"/><String ID="w_w1aab1c13b2c15b5ac29" HEIGHT="36" WIDTH="144" VPOS="2975" HPOS="968" STYLEREFS="Times_New_Roman_10.5_______" CONTENT="force"/><String ID="w_w1aab1c13b2c15b5ac41" HEIGHT="44" WIDTH="87" VPOS="2976" HPOS="1143" STYLEREFS="Times_New_Roman_10.5_______" CONTENT="qui"/><String ID="w_w1aab1c13b2c15b5ac49" HEIGHT="28" WIDTH="116" VPOS="2984" HPOS="1260" STYLEREFS="Times_New_Roman_10.5_______" CONTENT="sera"/><String ID="w_w1aab1c13b2c15b5ac59" HEIGHT="42" WIDTH="201" VPOS="2976" HPOS="1408" STYLEREFS="Times_New_Roman_10.5_______" CONTENT="capable"/><String ID="w_w1aab1c13b2c15b5ac75" HEIGHT="44" WIDTH="177" VPOS="2975" HPOS="1639" STYLEREFS="Times_New_Roman_10.5_______" CONTENT="d'agir"/><String ID="w_w1aab1c13b2c15b5ac89" HEIGHT="37" WIDTH="167" VPOS="2976" HPOS="1843" STYLEREFS="Times_New_Roman_10.5_______" CONTENT="ainsi."/><String ID="w_w1aab1c13b2c15b5ad103" HEIGHT="38" WIDTH="87" VPOS="2976" HPOS="2046" STYLEREFS="Times_New_Roman_10.5_______" CONTENT="Les"/><String ID="w_w1aab1c13b2c15b5ad111" HEIGHT="41" WIDTH="288" VPOS="2971" HPOS="2167" STYLEREFS="Times_New_Roman_10.5_______" CONTENT="évènements"/></TextLine><TextLine ID="tl_32" BASELINE="3143" HEIGHT="69" WIDTH="1811" VPOS="3074" HPOS="557" STYLEREFS="Times_New_Roman_10.5_______"><String ID="w_w1aab1c13b2c15b7ab1" HEIGHT="39" WIDTH="232" VPOS="3078" HPOS="557" STYLEREFS="Times_New_Roman_10.5_______" CONTENT="vont-ils"/><String ID="w_w1aab1c13b2c15b7ac19" HEIGHT="36" WIDTH="236" VPOS="3081" HPOS="819" STYLEREFS="Times_New_Roman_10.5_______" CONTENT="vraiment"/><String ID="w_w1aab1c13b2c15b7ac37" HEIGHT="29" WIDTH="115" VPOS="3089" HPOS="1083" STYLEREFS="Times_New_Roman_10.5_______" CONTENT="nous"/><String ID="w_w1aab1c13b2c15b7ac47" HEIGHT="37" WIDTH="207" VPOS="3083" HPOS="1230" STYLEREFS="Times_New_Roman_10.5_______" CONTENT="acculer"/><String ID="w_w1aab1c13b2c15b7ac63" HEIGHT="37" WIDTH="145" VPOS="3085" HPOS="1463" STYLEREFS="Times_New_Roman_10.5_______" CONTENT="ainsi"/><String ID="w_w1aab1c13b2c15b7ac75" HEIGHT="27" WIDTH="57" VPOS="3095" HPOS="1639" STYLEREFS="Times_New_Roman_10.5_______" CONTENT="au"/><String ID="w_w1aab1c13b2c15b7ac81" HEIGHT="41" WIDTH="202" VPOS="3087" HPOS="1727" STYLEREFS="Times_New_Roman_10.5_______" CONTENT="dilemne"/><String ID="w_w1aab1c13b2c15b7ac97" HEIGHT="44" WIDTH="319" VPOS="3091" HPOS="1960" STYLEREFS="Times_New_Roman_10.5_______" CONTENT="capitalisme"/><String ID="w_w1aab1c13b2c15b7ad121" HEIGHT="29" WIDTH="57" VPOS="3105" HPOS="2311" STYLEREFS="Times_New_Roman_10.5_______" CONTENT="ou"/></TextLine></TextBlock></PrintSpace></Page></Layout></alto>