2596 3284
1342 184 60 37 20

627 290 63 37 OS
717 289 122 37 JOOa
866 286 118 38 PLU.
1014 285 121 38 TARD
1161 285 35 36 —
1253 285 60 38 Le
1343 283 207 38 contact
1579 283 90 35 des
1699 278 268 39 militant©
1998 279 58 35 de
2086 277 177 39 là-bas
2295 276 85 39 est

448 391 181 47 chaque
658 390 116 39 fois
807 386 118 40 très
956 380 358 43 réconfortant
1341 401 34 12 —
1404 382 116 49 J’ai
1551 376 176 43 couché
1762 381 116 35 elles
1909 375 148 40 cette
2083 378 123 38 dame
2231 375 182 46 simple

451 489 89 51 qui
568 487 118 41 voit
720 489 58 36 ai
809 485 267 39 sainement
1105 483 63 39 la
1196 480 293 48 situation,
1525 487 115 30 avec
1671 486 57 29 ce
1763 478 90 38 bon
1880 482 117 32 sens
2026 476 90 37 des
2146 483 116 37 gens
2295 473 59 38 de

449 588 120 39 chas
597 593 121 31 nous
749 584 56 46 et
839 585 88 45 qui
956 582 119 46 agit
1107 581 147 39 aussi
1286 588 116 30 avec
1436 578 147 38 cette
1612 573 149 42 bonté
1791 575 119 47 fine
1941 573 152 49 qu’on
2117 572 178 41 trouve
2325 573 61 38 si

452 683 209 50 répondu
682 684 124 38 dans
836 682 150 40 notre
1018 679 203 48 peuple*
1257 677 116 41 fille
1405 676 89 40 est
1524 674 356 40 rocofortante
1910 681 150 30 comme
2088 673 62 38 la
2177 666 147 44 santé

450 784 59 39 et
540 784 118 40 elle
691 783 86 38 est
806 780 301 40 doublement
1137 775 386 42 réconfortante
1554 777 57 36 de
1640 774 128 38 voir
1792 782 90 39 que
1911 770 149 40 cette
2089 768 146 41 santé
2267 768 88 41 est

452 880 207 44 charité
691 880 292 48 agissante;
1020 887 116 30 sans
1164 877 117 47 mot,
1315 878 118 36 Sans
1465 874 203 49 phrase»
1705 873 118 38 elle
1852 880 57 28 me
1943 869 206 42 raconte
2181 869 231 47 qu’avant

451 992 181 39 guerre
662 983 118 36 elle
810 979 149 40 s*'st
989 975 240 50 disputée
1258 975 207 40 sauvent
1495 982 120 29 avec
1641 981 66 30 un
1734 972 237 38 camarade
2003 979 81 37 co,
2121 969 149 39 elle-
2300 964 88 44 ème

453 1079 147 51 étant
631 1083 118 46 plus
809 1077 179 42 odérée
1019 1076 300 47 catholique
1345 1072 323 50 praticante*
1705 1072 58 38 ZI
1791 1082 33 37 y
1855 1068 146 41 avait
2031 1071 118 36 dans
2180 1070 61 38 la
2269 1069 207 37 chambre

451 1181 63 42 où
543 1183 117 40 elle
690 1181 92 38 m*a
808 1173 236 54 hébergé,
1075 1186 67 29 un
1168 1176 176 39 christ
1379 1176 56 37 et
1467 1175 87 37 des
1588 1175 202 43 images*
1821 1170 355 47 Aujourd’hui,
2211 1168 263 54 dit-elle,

456 1282 119 49 J’ai
600 1281 242 47 beaucoup
870 1273 179 52 changé
1109 1285 62 32 on
1198 1285 120 30 nous
1348 1276 33 37 a
1407 1273 118 40 fait
1554 1281 64 30 un
1648 1271 325 48 épouvantail
2003 1271 59 37 de
2090 1269 63 39 la
2182 1268 182 40 Russie

453 1391 59 31 ce
544 1382 87 48 qui
663 1381 89 38 est
781 1380 212 38 certain
1021 1377 148 40 c’est
1200 1386 87 39 que
1318 1373 147 41 c’est
1494 1382 64 29 un
1588 1370 177 48 régime
1796 1372 88 47 qii
1915 1381 31 28 a
1974 1369 119 40 fait
2122 1371 87 37 des
2244 1369 173 39 choses

454 1482 328 39 formidables
814 1480 56 39 et
903 1489 89 39 que
1021 1478 88 38 les
1140 1485 117 38 gras
1290 1476 201 46 aiment,
1527 1473 147 39 alors
1706 1481 89 40 que
1826 1473 119 36 chez
1973 1478 146 39 nous»
2154 1470 117 38 alla
2300 1476 59 30 se
2388 1466 90 40 dit

455 1591 62 30 an
545 1590 90 31 son
664 1582 208 46 langage
903 1576 207 42 concret
1140 1586 58 29 ce
1231 1586 87 39 que
1348 1583 118 30 nous
1499 1581 206 39 pensons
1734 1573 29 36 d
1826 1573 60 37 la
1914 1569 352 47 bourgeoisie*
2298 1569 149 38 Alors

453 1691 62 30 me
543 1683 88 38 dit
665 1682 115 38 elle
815 1680 59 39 il
899 1690 35 38 y
964 1687 60 31 en
1052 1690 32 28 a
1113 1678 88 49 qui
1229 1675 90 42 ont
1349 1684 121 38 peur
1497 1676 60 35 de
1585 1674 126 39 voir
1736 1672 87 40 les
1855 1679 178 30 russes
2055 1668 219 40 arriver
2301 1668 30 39 à

456 1782 180 39 Berlin
662 1800 33 10 -
722 1780 242 48 pourquoi
989 1779 329 39 voulez-vous
1350 1786 88 37 que
1469 1775 121 38 cela
1615 1771 296 48 m’effraie,
1946 1780 61 30 au
2034 1768 294 50 contraire,

456 1882 117 38 tant
602 1880 175 47 mieux,
812 1887 119 31 nous
962 1885 179 37 serons
1173 1877 116 44 plus
1317 1874 122 40 vite
1469 1873 202 40 libres*

632 1979 64 37 US
724 1977 122 39 JOUR
874 1977 118 37 PLUS
1022 1977 120 37 TARD
1172 1993 32 11 -
1232 1977 119 37 Jean
1379 1973 418 39 Fournierarrive
1825 1971 62 39 de
1917 1979 91 30 son
2031 1968 146 39 Midi*
2211 1966 61 41 Là
2303 1970 113 45 bas,

461 2077 52 40 il
546 2078 176 39 semble
755 2077 152 48 qu’on
936 2077 175 46 ignore
1142 2076 87 36 nos
1262 2070 326 42 difficultés
1620 2080 115 29 avec
1767 2071 87 38 les
1886 2078 84 31 co*
2036 2067 120 40 elon
2182 2067 116 48 lui»
2333 2077 59 28 au

457 2176 291 48 contraire,
784 2176 89 39 les
905 2174 265 40 relations
1204 2169 116 42 sont
1353 2170 295 40 excellente
1678 2169 150 39 entre
1857 2168 62 38 la
1946 2163 298 42 résistance
2274 2165 55 40 et
2362 2165 87 38 Ira

457 2284 85 38 co)
576 2275 59 39 le
666 2275 147 38 souci
843 2273 89 40 est
964 2283 59 29 au
1053 2271 269 39 contraire
1349 2269 61 40 la
1444 2266 415 41 reconstitution
1885 2268 62 37 de
2006 2266 61 36 la
2093 2263 180 49 partie

461 2374 295 41 socialiste
786 2375 90 48 qui
906 2383 58 29 se
992 2373 235 46 reforme,
1261 2380 60 28 re
1323 2368 60 39 tr
1383 2379 23 29 o
1406 2379 33 28 u
1439 2378 33 30 v
1472 2378 28 28 e
1531 2376 86 30 ses
1649 2365 292 49 militants,
1975 2366 208 38 demande
2214 2373 62 38 sa
2302 2365 172 48 place,

459 2472 60 40 et
546 2474 120 40 dont
696 2473 88 38 les
816 2474 266 45 exigences
1116 2467 260 42 irritent*
1409 2466 151 41 C’est
1587 2466 64 41 la
1679 2465 261 48 question.

667 2574 147 37 Cornue
846 2571 120 49 quoi
997 2571 143 48 quand
1174 2571 86 38 les
1290 2570 179 39 hommes
1500 2569 85 38 ont
1615 2575 66 31 un
1708 2567 323 46 adversaire,
2063 2565 269 45 n’importe

458 2672 206 48 lequel,
700 2672 85 39 ils
819 2681 58 29 se
907 2669 236 40 soucient
1171 2670 150 38 moins
1352 2667 119 39 d’en
1490 2667 222 40 trouver
1734 2674 66 30 un
1828 2665 174 40 autre*

1373 2703 161 52 Farge

668 2773 117 38 Hdus
815 2782 149 29 avons
993 2768 150 51 parlé
1175 2772 116 38 avec
1324 2767 236 48 Grégoire
1589 2769 59 38 de
1678 2767 62 39 la
1768 2769 211 37 tension
2006 2767 89 48 qui
2126 2774 55 29 se
2245 2766 237 40 anifrate

462 2873 145 38 entre
638 2873 88 36 Ira
759 2881 59 29 co
847 2872 58 38 et
936 2870 89 41 les
1057 2869 175 40 autres
1263 2866 322 41 résistante*
1620 2864 235 48 Grégoire
1887 2864 149 40 donne
2094 2864 31 39 à
2153 2874 85 37 peu
2273 2864 118 48 près

461 2967 386 51 intégralement
877 2971 180 38 raison
1086 2979 88 29 aux
1202 2969 239 47 premiers
1475 2975 20 31 «
1533 2966 56 38 il
1617 2965 92 47 n’y
1739 2975 32 29 a
1797 2966 121 36 rien
1948 2972 60 30 en
2036 2965 116 37 face
2184 2962 147 39 d’eux

458 3079 62 28 me
550 3068 201 49 dit—il,
789 3069 88 46 ils
905 3067 238 48 prennent
1173 3066 88 38 des
1291 3066 208 47 risques
1531 3063 116 46 plus
1678 3064 179 45 grande
1888 3071 89 38 que
2005 3061 119 38 ceux
2154 3061 86 36 des
