2596 3284
1298 175 57 44 25

494 327 293 38 absoluuent
823 326 321 46 impossible,
1178 325 119 37 mais
1328 325 121 38 cela
1475 334 59 27 me
1565 324 179 47 parait
1774 324 120 39 bien
1925 325 320 46 improbable*
2280 326 90 36 Bon

492 425 267 38 seulement
794 427 54 44 je
878 431 59 30 ne
970 425 149 37 crois
1148 432 87 39 pas
1269 432 59 29 en
1356 424 62 38 la
1445 423 122 46 paix
1595 431 147 30 russe
1773 432 61 30 ou
1862 421 261 48 allemand,
2160 424 260 46 possible,

489 524 121 38 sais
638 532 92 29 une
761 521 149 40 trêve
939 523 59 37 du
1029 521 118 47 type
1178 524 59 35 de
1268 522 147 39 celle
1444 522 60 38 de
1535 521 58 44 59
1623 531 59 28 se
1714 519 179 48 parait
1921 519 267 42 ©IXe—cdne
2223 524 205 36 invrai—

492 623 293 39 semblable*

790 723 118 37 Bous
936 722 209 47 pprlons
1177 723 88 35 des
1297 720 235 39 affaires
1565 722 58 37 de
1654 720 61 39 la
1745 717 321 45 résistance*
2097 720 210 40 Creuset

492 821 87 37 est
610 820 357 41 foncièrement
995 821 213 39 hostile
1236 819 30 40 à
1295 819 362 49 l'apparition
1683 820 59 38 de
1773 819 117 39 tout
1946 830 176 29 ouveou
2160 821 266 40 mouvement

490 922 58 39 de
581 920 294 40 résistance
904 921 207 48 unique,
1145 921 204 47 dit—il,
1386 920 239 39 celui-ci
1653 921 236 46 groupant
1920 917 418 42 nécessairement

492 1021 118 39 tous
638 1021 89 38 les
756 1029 120 30 noos
908 1030 148 28 coaaau
1089 1021 144 38 isteo
1265 1020 58 38 et
1355 1022 121 37 rien
1505 1019 202 49 qu'aux,
1741 1021 214 48 prendra
1980 1019 177 48 figure
2185 1021 152 39 dfenti

489 1123 322 38 communisme*

817 1222 153 39 Robin
996 1219 181 49 répond
1208 1230 20 33 s
1262 1232 65 28 sa
1355 1221 296 39 courtoisie
1683 1229 176 30 envers
1889 1222 90 38 Iss
2011 1223 57 39 Co
2099 1232 58 28 ne
2188 1233 58 25 va
2275 1232 89 38 pas

492 1323 174 46 jusque
697 1319 60 40 là
785 1323 59 37 et
880 1324 54 45 je
963 1330 59 29 ne
1056 1329 206 31 renonce
1294 1329 89 38 pas
1413 1319 30 39 à
1473 1321 181 39 former
1675 1329 67 30 un
1769 1320 270 39 mouvement
2067 1330 149 39 parce
2248 1321 147 49 qu'il

488 1431 31 28 a
549 1423 175 35 chance
755 1423 60 37 de
846 1424 119 35 leur
993 1419 264 49 déplaire.
1294 1422 117 38 Bous
1442 1421 27 36 d
1500 1428 118 32 vons
1652 1420 241 39 discuter
1919 1421 122 38 cela
2065 1422 151 38 mardi
2245 1422 261 46 prochain*

754 1516 149 43 MUDI
936 1521 59 40 24
1020 1538 37 14 —
1131 1501 175 42 Seraoy
1337 1498 86 37 est
1452 1495 31 38 à
1511 1498 61 37 la
1599 1497 115 37 foie
1748 1495 230 38 charmant
2011 1506 142 26 comme
2187 1496 56 37 il
2274 1494 113 38 sait

149 1514 271 62 Février JEUDI 24 - Sermoy est à la fois charmant comme il sait

483 1596 201 55 l'être,
720 1605 54 37 et
808 1604 203 38 affable
1042 1600 145 47 après
1219 1600 202 40 l'échec
1454 1603 57 36 de
1544 1612 83 28 ses
1659 1602 284 45 intrigues*
1979 1603 58 36 Le
2065 1602 146 36 voioi
2243 1597 117 42 très

487 1707 172 41 sévère
690 1720 90 27 sur
807 1711 57 37 le
896 1710 175 44 compte
1103 1710 55 36 de
1187 1711 61 35 le
1275 1706 295 40 résistance
1600 1708 56 38 et
1685 1716 89 28 mon
1804 1709 117 35 dieu
1950 1707 144 37 c'est
2124 1705 61 39 là
2215 1706 144 46 qu'il

484 1816 117 37 voit
631 1816 170 39 clair*
838 1815 55 38 H
925 1815 234 37 convient
1190 1812 265 49 d*4jouter
1483 1824 86 36 que
1600 1813 144 38 cette
1777 1809 230 41 sévérité
2038 1811 85 38 est
2156 1821 57 27 en
2243 1813 176 44 grande

487 1921 172 44 partie
690 1922 88 36 due
808 1920 31 37 à
869 1930 55 28 ce
954 1921 147 45 qu'il
1131 1930 30 26 a
1192 1916 201 48 éprouvé
1426 1928 88 34 par
1541 1910 232 46 lui-même
1803 1919 351 42 l'Importance
2186 1919 84 36 des
2305 1920 83 43 iny

488 2027 201 45 triguee
721 2026 116 38 dont
867 2026 56 37 il
955 2036 29 26 a
1015 2023 232 40 commencé
1278 2034 89 35 par
1394 2025 236 43 beaucoup
1657 2015 199 54 goûter,
1893 2024 56 36 si
1979 2023 118 38 bien
2126 2022 145 47 qu'il
2303 2022 117 37 fait

490 2132 257 46 justement
779 2141 57 27 en
865 2122 261 54 lui-même,
1163 2140 113 27 sans
1308 2130 349 44 probablement
1691 2140 52 27 se
1773 2138 199 36 nommer,
2008 2130 59 36 le
2099 2124 172 47 procès
2301 2129 58 36 de

485 2238 60 35 la
572 2238 88 36 vie
690 2235 30 37 à
748 2236 234 43 laquelle
1014 2236 57 37 il
1103 2235 286 46 participa,
1421 2237 118 34 maie
1570 2235 86 45 qui
1686 2235 88 37 lui
1805 2233 86 38 fut
1923 2228 433 48 inhospitalière*

486 2341 58 37 Je
573 2342 88 37 lui
691 2343 204 35 demande
927 2351 84 27 ses
1046 2336 201 41 remèdes
1278 2339 29 36 à
1335 2340 147 37 oette
1515 2340 284 44 situation,
1833 2348 58 28 ce
1922 2339 144 46 qu'il
2098 2347 261 34 proposera
2389 2337 31 36 à

486 2446 202 37 Charles
726 2455 14 28 :
781 2447 55 36 il
865 2445 89 39 lui
984 2447 118 36 dira
1134 2445 142 46 qu'il
1307 2444 117 37 faut
1454 2452 264 37 gouverner
1745 2445 61 37 la
1835 2441 313 42 résistance*
2184 2444 144 35 C'est

486 2550 118 38 vite
634 2550 84 38 dit
752 2550 55 37 et
839 2560 58 28 un
927 2559 86 34 peu
1045 2550 145 37 court
1217 2566 31 13 -
1280 2559 57 28 en
1366 2546 204 41 réalité
1602 2552 173 43 Sermoy
1804 2559 31 27 a
1863 2550 57 35 de
1950 2550 174 35 bonnes
2157 2545 143 40 idées
2328 2549 118 36 mais

489 2664 59 28 au
578 2657 202 36 service
812 2657 57 36 de
901 2654 173 44 petits
1106 2645 254 47 intérêts*

489 2760 259 35 LEBDKMAIH
781 2776 30 13 -
843 2762 55 33 Vu
926 2769 58 27 ce
1011 2760 151 36 matin
1190 2756 175 40 Gtfftent
1393 2767 210 28 nouveau
1629 2755 351 46 représentant
2010 2758 85 36 des
2131 2757 169 46 jeunes
2331 2765 88 28 ca¬

491 2862 260 47 tholiques
784 2860 314 41 résistante*
1135 2863 197 44 Gentil,
1369 2859 226 50 épanoui,
1631 2870 284 37 courageux,
1949 2869 61 29 un
2041 2869 87 35 peu
2156 2860 146 38 falot
2330 2876 31 13 -
2387 2861 60 37 Je

491 2970 116 35 suis
637 2970 56 35 de
724 2969 261 42 plusieurs
1018 2967 173 44 partie
1222 2965 29 38 à
1279 2968 61 37 la
1368 2967 115 37 fols
1515 2963 170 40 formés
1718 2967 58 36 de
1803 2967 62 36 la
1890 2975 177 28 mesure
2098 2967 57 36 de
2182 2974 90 29 nos
2305 2965 172 43 parti-
