2596 3284
1205 180 55 41 26

470 399 264 45 citations
763 395 32 39 à
821 407 87 26 nos
940 394 263 47 affairesf
1229 393 119 37 sais
1379 390 143 47 quand
1557 391 55 46 Je
1644 391 143 41 parle
1848 390 202 45 quelque
2083 387 144 44 tenpe
2258 394 112 30 avec

471 502 206 40 Clément
708 502 56 39 U
794 502 87 38 est
915 498 257 40 tellement
1207 495 347 41 satisfaisant
1587 496 113 36 dans
1731 503 87 29 ses
1849 491 351 40 déclarations
2231 491 145 47 qu'on

471 619 61 29 ne
563 608 116 39 sait
710 608 113 44 plus
855 603 115 41 très
1000 606 119 37 bien
1148 612 91 29 sur
1265 604 116 46 quoi
1414 611 55 28 on
1499 599 205 40 discute
1733 610 59 27 au
1824 598 170 47 juste»
2022 598 63 37 al
2115 605 58 30 ce
2201 599 87 44 qui
2317 604 118 30 nous

475 713 195 45 sépare.
708 717 59 35 Sn
798 723 167 35 somme»
998 710 90 39 lui
1120 711 197 45 dis-je,
1351 709 59 38 il
1442 705 173 47 s'agit
1645 707 60 36 de
1734 706 177 37 savoir
1939 705 58 36 si
2024 704 88 37 les
2141 698 263 43 sodalités

473 822 87 45 4ue
592 829 114 28 vous
739 818 321 39 introduises
1089 817 117 36 dans
1233 812 148 40 votre
1413 811 379 46 participation
1822 808 263 45 répondent
2116 817 61 28 au
2205 808 141 38 souci

474 928 59 36 de
560 935 59 28 ne
651 934 86 35 pas
765 924 148 37 faire
944 931 58 29 un
1031 916 145 51 pq±tl
1206 918 406 46 conventionnel,
1645 924 60 30 ce
1734 916 87 46 qui
1847 925 62 28 ne
1941 914 204 45 regarde
2172 923 88 36 que
2290 920 117 30 vous

477 1040 58 28 ou
562 1030 30 37 à
619 1039 90 29 une
738 1025 206 41 volonté
975 1028 57 37 de
1061 1035 58 29 ne
1153 1033 83 35 pas
1269 1024 263 45 s'engager
1559 1032 61 27 au
1648 1019 118 40 delà
1795 1020 145 39 d'une
1972 1018 232 39 certaine
2230 1026 202 38 mesure,

475 1145 60 29 ce
565 1137 111 46 qui,
711 1142 114 30 vous
855 1133 60 38 le
945 1131 322 39 conviendrez
1294 1139 60 29 ne
1386 1129 114 44 peut
1533 1136 84 35 pas
1647 1135 118 29 nous
1793 1117 118 47 être
1943 1121 114 41 très
2090 1123 341 48 sympathique.

1098 1168 182 58 Cassou (?)

475 1242 118 37 PUB
623 1241 58 36 LE
710 1240 117 36 SOIR
856 1238 115 37 AYflC
1001 1238 115 38 JBAB
1150 1237 57 37 BT
1237 1235 203 39 QBOPZBT
1471 1251 31 12 -
1530 1234 118 37 loue
1680 1240 260 35 reprenons
1969 1231 62 37 la
2059 1231 292 36 discussion
2380 1237 87 37 qus

474 1355 118 29 nous
623 1346 173 38 avions
829 1354 86 27 eue
945 1342 52 40 1*
1033 1342 146 39 autre
1213 1342 116 46 jour
1356 1338 31 40 à
1416 1346 173 38 propos
1621 1338 57 37 de
1707 1338 60 37 la
1794 1334 353 41 constitution
2177 1333 117 38 d'un
2320 1342 120 30 nou¬

475 1460 120 30 veau
624 1450 287 37 mouvement.
947 1450 145 36 Comme
1124 1446 147 38 Bobln
1302 1446 56 46 Je
1384 1444 267 39 maintiens
1681 1452 86 36 que
1823 1451 63 28 ma
1913 1439 295 40 courtoisie
2237 1446 115 31 aveo

478 1558 88 37 les
595 1557 60 37 Oo
682 1565 60 28 ne
770 1562 62 30 va
862 1563 85 35 pas
980 1550 204 50 jusqu'à
1209 1551 324 38 m'interdire
1564 1558 87 28 une
1684 1547 285 46 tentative,
2004 1554 90 35 par
2123 1546 116 37 cela
2269 1543 113 40 seul

482 1662 175 47 qu'ils
685 1661 88 47 n'y
804 1659 174 39 seront
1010 1668 83 35 pas
1132 1681 16 16 •
1186 1659 57 38 Ce
1273 1659 86 45 qui
1386 1653 354 50 m'inquiétait
1771 1652 263 45 davantage
2065 1652 142 37 c'est
2238 1661 89 36 que

480 1768 234 38 celle-ci
744 1775 58 29 ne
835 1766 115 39 soit
979 1760 146 42 vouée
1156 1761 30 38 à
1211 1759 232 50 l'échec,
1477 1760 58 39 et
1566 1760 175 38 damant
1758 1761 29 37 1
1806 1759 286 43 'indigence
2123 1758 85 36 des
2239 1758 173 36 hommes

480 1882 61 29 ne
574 1872 202 39 s'abîme
803 1887 32 13 -
868 1872 54 45 je
950 1879 59 29 ne
1039 1877 119 31 veux
1190 1877 83 35 pas
1301 1877 59 27 me
1392 1865 235 46 dépenser
1657 1866 114 37 dans
1799 1872 89 30 une
1920 1862 233 39 aventure
2182 1860 228 39 absurde.

481 1979 121 38 Jean
628 1977 235 37 confirme
890 1976 151 38 notre
1070 1974 293 43 impression
1391 1980 89 30 sur
1508 1970 60 40 la
1596 1971 147 38 crime
1773 1965 253 48 présente:
2064 1968 88 37 les
2181 1963 236 41 séancesf

483 2084 59 37 du
573 2082 108 40 O.P.
720 2082 197 46 dit-il,
954 2080 115 38 sont
1100 2073 348 44 ridiculisées
1479 2085 90 35 par
1597 2077 86 37 des
1714 2074 233 38 conflits
1976 2072 292 47 grotesques
2300 2070 144 39 entre

482 2188 29 38 C
543 2189 58 38 et
628 2187 25 43 1
653 2190 67 39 m—
747 2190 31 37 A
803 2187 153 38 noter
983 2195 86 37 que
1099 2180 234 42 derrière
1363 2193 86 28 ose
1481 2180 232 40 conflits
1745 2181 55 38 il
1827 2189 32 38 y
1889 2190 31 27 a
1950 2178 203 47 quelque
2182 2178 146 37 chose
2363 2185 13 27 :
2416 2174 31 37 à

486 2294 179 38 savoir
690 2293 58 37 le
779 2290 204 39 conflit
1014 2291 83 38 des
1129 2288 350 39 oommunlsants
1510 2286 57 39 et
1599 2288 85 37 des
1717 2285 344 43 communistes,
2094 2284 117 36 mais
2242 2290 57 30 os
2330 2289 116 30 con¬

485 2398 116 40 flit
634 2398 227 45 profond,
896 2405 169 38 grave,
1101 2394 88 39 est
1219 2390 261 43 dissimulé
1512 2401 115 30 sous
1658 2392 85 37 des
1774 2391 203 37 couches
2009 2389 57 37 de
2098 2386 230 39 sottises
2360 2402 32 13 -

487 2504 144 38 alors
663 2503 57 37 il
751 2501 115 38 faut
897 2503 146 36 faire
1072 2499 147 39 autre
1249 2500 165 38 chose.

778 2607 117 38 Pans
924 2607 62 37 la
1015 2613 114 29 zone
1162 2605 84 37 Sud
1278 2605 117 38 cela
1426 2603 112 44 peut
1570 2593 116 46 être
1715 2603 86 36 les
1835 2596 200 41 comités
2067 2600 58 35 de
2153 2595 295 41 libération

980 2648 239 56 Cassou (?)

490 2710 262 49 régionaux
782 2712 115 36 dont
926 2711 119 38 Jean
1074 2705 174 49 espère
1278 2710 236 41 beaucoup
1540 2725 30 9 -
1600 2709 58 34 Sn
1689 2715 114 28 zone
1830 2705 121 37 lord
1981 2702 144 39 croit
2156 2711 58 29 un
2242 2709 206 38 groupe¬

486 2808 171 49 ment.^
665 2826 29 30 e
722 2817 86 38 dis
841 2825 84 37 que
960 2818 54 45 je
1042 2817 59 37 le
1133 2815 144 38 tiens
1309 2822 116 35 pour
1452 2810 259 47 légitime,
1743 2811 117 36 mais
1892 2819 57 27 en
1979 2804 292 47 appréhende
2300 2803 229 42 l'éoheo.

488 2924 117 36 Jean
634 2921 410 47 aussi.Pourquoi
1074 2919 198 47 dit-il,
1306 2919 233 37 n'irions
1570 2924 117 30 nous
1719 2924 83 36 pas
1832 2924 60 29 au
1921 2914 86 39 P.I
2037 2930 31 11 -
2095 2914 60 37 Je
2186 2910 201 47 réponds

492 3028 84 36 oui
604 3026 117 37 mais
754 3033 55 29 en
837 3021 287 48 négociant.
1158 3022 62 37 Je
1252 3022 114 37 suis
1395 3020 175 38 contre
1598 3027 88 30 une
1716 3017 293 44 absorption
2041 3024 114 36 pure
2184 3015 58 38 et
2272 3015 200 46 simple,

481 3142 121 30 nous
630 3134 203 36 aurions
863 3133 235 42 beaucoup
1125 3127 31 40 à
1184 3137 177 37 gagner
1388 3127 31 37 à
1444 3136 90 29 une
1562 3115 350 56 négociations
1946 3113 54 39 et
2029 3123 61 27 un
2120 3115 173 40 accord
