2596 3284
1190 211 52 37 12
1273 208 30 40 4

482 317 178 37 mation
693 318 224 45 sociale,
953 326 87 28 car
1068 325 59 30 ce
1157 319 87 44 qui
1275 328 56 27 se
1364 326 203 34 passera
1596 328 58 28 au
1682 318 265 38 lendemain
1978 320 56 36 de
2063 319 64 39 la
2151 317 318 51 Libération,

482 423 86 37 les
602 417 260 48 problèmes
894 420 87 47 qui
1012 431 56 29 se
1102 421 230 44 poseront
1361 430 60 30 ne
1450 422 176 38 seront
1655 432 85 34 pas
1773 433 116 27 ceux
1920 425 83 36 des
2037 421 232 42 réformes
2298 425 59 37 de

485 527 312 45 structures,
830 528 122 36 sais
981 535 119 29 ceux
1129 527 57 37 de
1213 526 413 39 l'alimentation
1655 526 56 38 et
1742 528 58 37 de
1829 528 63 38 la
1920 528 429 40 reconstruction.
2388 528 56 42 H

482 630 177 39 faudra
690 631 144 37 avant
866 631 114 38 tout
1011 631 145 39 faire
1187 634 144 35 vivre
1360 632 63 38 la
1450 632 293 44 population
1771 629 230 52 entière,
2036 643 60 29 ce
2123 633 148 38 n'est
2301 643 87 37 que

486 738 113 42 plus
630 736 117 38 tard
777 746 85 36 que
894 746 58 28 se
982 745 176 35 posera
1185 738 59 37 le
1277 734 231 47 problème
1538 739 86 37 des
1656 734 233 42 réformes
1919 739 59 37 de
2008 738 263 42 structure
2300 756 29 12 -
2361 742 143 45 quel¬

485 851 113 36 ques
627 843 120 37 mois
779 839 346 40 s'écouleront
1159 842 114 39 dans
1304 841 350 41 l'Intervalle
1686 843 58 37 et
1776 852 56 29 cm
1861 853 149 28 verra
2039 845 144 37 alors
2214 846 202 36 comment

480 934 54 29 se
568 924 229 45 poseront
829 934 87 29 ces
948 921 261 50 problèmes
1218 950 16 21 a
1257 926 203 45 quelles
1488 925 177 38 forces
1694 924 175 38 seront
1901 934 59 27 en
1991 922 255 45 présence.

496 1032 170 33 samedi
705 1054 15 16 .
786 1032 115 38 J'ai
931 1040 61 29 vu
1022 1031 56 38 et
1112 1040 115 29 revu
1256 1032 263 42 plusieurs
1546 1031 116 37 fois
1694 1030 143 47 Jenzy
1865 1046 31 12 -
1931 1039 112 27 nous
2075 1039 58 28 ne
2163 1038 116 28 nous
2312 1027 173 40 étions

497 1147 85 35 pas
614 1138 263 37 entretenu
906 1139 170 41 depuis
1108 1137 59 37 le
1192 1138 122 36 mois
1344 1137 58 37 de
1432 1136 86 37 Mal
1552 1137 224 37 dernier.
1818 1136 53 37 H
1906 1134 167 45 parait
2108 1144 86 36 que
2220 1145 91 28 mes
2344 1143 114 35 pro¬

498 1252 83 34 pos
608 1242 149 38 l'ont
790 1244 202 42 surpris
1020 1242 59 37 et
1113 1241 143 47 qu'il
1287 1250 30 28 a
1347 1238 85 40 été
1463 1237 172 41 étonné
1667 1241 58 37 de
1753 1250 59 27 me
1843 1241 122 37 voir
1991 1242 57 37 si
2079 1237 202 47 éloigné
2313 1242 86 35 des
2510 1257 11 19 «

497 1349 285 45 cyclistes.
817 1348 58 37 Le
906 1346 116 39 fait
1054 1346 86 38 eet
1170 1356 86 37 que
1284 1347 89 38 lui
1408 1347 113 36 s'en
1552 1346 83 38 est
1670 1346 234 43 beaucoup
1933 1341 287 48 rapproché.
2255 1347 57 36 81
2347 1347 52 45 je

497 1453 229 35 confonds
760 1461 57 28 ee
848 1452 143 46 qu'il
1022 1451 90 37 m'a
1139 1450 90 40 dit
1258 1451 56 38 et
1345 1460 58 29 ce
1433 1450 145 47 qu'il
1607 1461 31 26 a
1669 1447 172 47 répété
1872 1448 31 38 &
1933 1449 288 48 Elisabeth,
2256 1460 56 27 sa
2343 1451 145 42 posi¬

496 1558 117 38 tion
643 1559 87 37 est
759 1567 58 28 en
850 1567 140 29 somme
1022 1558 60 37 la
1108 1556 236 40 suivante
1381 1567 13 27 :
1433 1558 56 37 le
1521 1555 107 41 P.S.
1667 1556 87 38 est
1783 1566 60 28 un
1872 1556 147 44 parti
2046 1555 142 40 mort.
2227 1554 144 39 Irré¬

497 1665 348 36 ductiblement
874 1660 115 42 voué
1021 1663 30 37 à
1077 1674 60 28 ne
1172 1664 109 43 plus
1317 1655 114 45 être
1464 1673 86 36 que
1580 1663 142 44 petit
1755 1663 285 46 bourgeois.

936 1770 56 38 Il
1025 1770 85 37 est
1140 1768 204 39 d'autre
1374 1768 115 44 part
1522 1766 439 41 irrévocablement
1993 1768 202 39 hostile
2226 1767 29 37 à
2287 1770 143 40 poli-

495 1875 177 46 tiquer
701 1875 86 38 des
814 1884 206 36 groupes
1051 1875 258 45 occultes,
1344 1874 58 37 il
1430 1883 60 29 ne
1523 1873 170 46 s'agit
1727 1883 83 34 pas
1840 1875 60 36 de
1932 1883 322 27 recommencer
2281 1874 147 35 l'ex¬

496 1979 231 44 périence
761 1983 56 36 de
843 1982 149 37 Paul-
1021 1982 144 36 Louis
1199 1980 56 38 et
1286 1980 57 36 du
1374 1978 145 45 parti
1551 1981 55 36 de
1634 1976 206 41 l'unité
1874 1976 403 51 prolétarienne,
2312 1979 56 37 il

492 2085 90 48 n'y
612 2095 29 28 a
672 2095 56 28 en
761 2094 140 28 somme
933 2085 148 46 qu'un
1110 2086 115 36 seul
1252 2085 149 45 grand
1434 2085 167 46 parti,
1637 2083 145 40 e'est
1812 2085 56 36 la
1903 2085 109 38 P.G.
2048 2083 56 38 et
2138 2084 142 38 o'eat
2311 2092 116 30 vers

493 2191 89 38 lui
619 2216 16 21 ,
671 2191 316 46 pense-t-il,
1022 2190 145 46 qu'il
1198 2190 114 38 faut
1345 2190 147 38 aller
1521 2199 88 29 sur
1635 2191 62 37 la
1725 2190 146 45 façon
1900 2189 86 48 d'y
2018 2189 148 38 aller
2195 2188 314 47 d'ailleurs,

497 2306 57 27 sa
585 2293 173 47 pansés
791 2297 82 36 est
903 2305 177 29 encore
1109 2304 58 28 un
1199 2304 86 35 peu
1314 2294 265 39 flottante
1607 2294 29 37 à
1663 2296 87 36 moi
1784 2295 56 37 il
1870 2305 32 27 a
1928 2294 109 38 dit:
2076 2295 58 37 il
2164 2294 116 38 faut
2309 2305 31 38 y

495 2401 148 37 aller
669 2410 116 29 sous
821 2398 199 40 réserve
1051 2399 266 39 d'obtenir
1344 2400 260 37 certaines
1636 2399 262 45 garanties
1931 2399 29 36 à
1990 2409 83 28 ses
2106 2400 113 36 amis
2254 2399 226 47 proches,

499 2506 54 37 il
584 2516 30 26 a
642 2506 87 37 dit
766 2515 13 28 :
820 2506 142 46 quant
989 2505 31 36 à
1048 2507 91 35 aol
1171 2507 56 44 je
1258 2507 112 36 suie
1408 2496 109 52 prêt
1549 2504 29 36 à
1608 2506 177 36 donner
1809 2501 382 51 jpaédiatement
2222 2513 87 27 mon
2340 2500 145 40 adhé¬

498 2612 137 37 sion.

936 2714 205 39 Ensuite
1172 2715 56 38 il
1259 2725 29 27 a
1316 2714 87 39 dit
1436 2713 144 47 qu'il
1606 2713 179 39 faudra
1813 2724 31 36 y
1872 2711 208 41 adhérer
2107 2723 58 28 en
2194 2714 142 46 bloc,
2373 2714 138 47 tous,

497 2821 116 36 mais
644 2816 147 47 après
819 2820 60 38 la
904 2814 265 50 guerre(oe
1200 2821 87 44 qui
1319 2819 82 38 eet
1437 2816 287 40 évidemment
1760 2818 165 47 idiot,
1963 2822 200 43 puisque
2194 2819 118 37 cela
2343 2827 85 28 re¬

498 2923 145 38 vient
669 2923 30 37 à
733 2921 204 41 adhérer
968 2926 116 36 dans
1107 2925 60 37 le
1198 2923 174 39 moment
1406 2919 57 40 oh
1493 2931 58 29 on
1580 2933 117 28 aura
1724 2924 59 37 le
1808 2926 149 35 moine
1989 2919 289 42 d'autorité
2310 2931 117 35 pour

497 3034 58 30 oe
582 3027 171 40 faire.
790 3028 172 37 Delsol
994 3026 30 37 à
1054 3029 85 44 qui
1173 3028 114 46 j'en
1314 3029 60 36 ai
1403 3023 145 47 parlé
1582 3028 199 44 partage
1812 3027 117 38 tout
1959 3026 30 37 à
2016 3026 117 38 fait
2161 3037 61 26 ma
2253 3025 172 44 décep-
