2596 3284
1229 199 33 42 4
1290 203 56 41 13

557 335 141 48 tlon,
733 337 54 36 et
820 335 146 38 croit
996 345 85 36 que
1116 335 345 45 pratiquement
1492 335 143 45 Janzy
1665 343 63 28 ne
1763 336 170 45 jouera
1965 335 111 40 plus
2112 335 168 46 jamais
2315 343 84 26 son

528 433 139 47 rôle*

1053 544 61 38 Je
1146 546 109 36 dois
1289 544 118 38 dire
1438 554 83 36 que
1559 546 52 45 je
1642 547 111 34 suis
1788 552 144 29 assez
1964 544 176 39 enclin
2168 542 30 39 à
2229 552 175 35 penser

720 582 68 50 sh
797 582 85 51 (»wa_

530 661 140 27 comme
705 651 174 38 Delsol
909 666 31 12 -
968 652 30 35 A
1027 651 143 36 Grand
1204 651 144 43 peine
1380 650 58 45 je
1461 649 92 38 lui
1582 651 58 35 al
1668 645 178 49 ménagé
1875 658 59 27 un
1964 649 322 39 rendez-vous
2318 658 111 27 avec

528 765 59 29 un
619 754 232 49 cycliste
883 762 118 36 pour
1024 755 60 38 le
1115 755 262 37 lendemain
1409 756 55 35 du
1498 755 119 46 jour
1644 750 59 41 où
1727 754 147 45 Janzy
1908 754 175 38 devait
2111 754 196 44 partir*
2344 753 116 39 J'ai

530 858 83 40 été
644 861 58 38 le
734 858 237 48 prévenir
997 877 30 12 -
1055 860 56 38 le
1143 858 235 50 cycliste
1408 859 55 38 et
1492 862 91 36 soi
1614 857 172 41 étions
1818 857 59 39 là
1905 860 117 37 dans
2053 861 55 37 le
2138 859 171 41 froid*
2344 860 147 46 Janzy

526 966 146 38 n'est
708 975 81 35 pas
819 975 141 29 venu*
997 967 255 38 Eliea.•••
1291 974 86 38 que
1409 966 115 46 j'ai
1556 961 320 48 interpellée
1904 965 207 38 ensuite
2138 964 90 39 a'a
2255 963 233 48 expliqué

529 1081 82 37 que
646 1082 57 28 sa
735 1072 143 44 place
912 1067 139 42 était
1087 1071 201 38 retenue
1319 1072 115 36 dans
1465 1072 57 36 le
1556 1071 146 37 train
1731 1070 57 39 et
1818 1070 145 46 qu'il
1993 1068 204 40 s'était

529 1176 29 38 à
585 1174 177 43 l'idée
792 1176 147 47 qu'il
969 1177 232 44 pourrait
1232 1175 233 39 reeettre
1497 1186 83 27 son
1612 1184 176 40 voyage
1817 1176 58 37 et
1909 1177 172 42 perdre
2112 1185 58 28 sa
2201 1176 167 44 place*

527 1283 118 38 J'ai
676 1280 202 47 répondu
909 1281 30 37 à
968 1282 350 46 Slis**«qu'il
1348 1282 205 38 fallait
1585 1279 290 40 évidemment
1906 1282 206 39 choisir
2141 1282 144 38 entre
2314 1282 148 37 l'am¬

527 1387 177 39 bition
734 1378 174 48 d'être
940 1396 57 29 un
1025 1388 116 37 chef
1176 1387 260 46 politique
1464 1387 59 37 et
1551 1387 62 38 la
1644 1385 380 46 préoccupation
2053 1388 58 37 de
2138 1396 60 28 ne
2229 1388 174 46 jamais

526 1502 208 39 voyager
762 1493 203 48 qu'avec
996 1502 87 28 une
1114 1494 146 41 place
1289 1492 228 40 retenue*
1567 1495 26 35 J
1613 1501 28 29 e
1671 1495 177 36 crains
1878 1502 56 27 an
1966 1491 143 38 effet
2140 1502 87 37 que
2256 1493 59 37 le

527 1599 149 39 ohois
704 1600 57 37 de
788 1598 149 48 Janzy
969 1598 116 38 soit
1114 1598 139 40 fait*
1290 1598 145 37 Comme
1467 1598 56 37 il
1551 1596 207 39 tfaitlve
1789 1595 205 40 souvent
2022 1605 59 29 ce
2110 1594 204 40 confort
2345 1596 58 37 de

527 1707 88 36 vie
645 1705 262 45 bourgeois
938 1704 236 38 coexiste
1203 1711 115 30 avec
1346 1701 355 40 l'extrémiste
1727 1702 202 41 mental*
1966 1706 85 41 Que
2083 1704 291 37 ferez-vous
2404 1703 87 37 lui

529 1811 146 45 ai-je
706 1810 111 47 dit,
853 1812 55 35 si
938 1818 115 29 vous
1079 1809 270 38 n'obtenéz
1383 1810 171 45 jamais
1583 1817 148 29 coome
1763 1807 54 39 il
1850 1807 84 39 est
1968 1808 115 44 plus
2112 1817 86 37 que
2229 1807 233 45 probable
2469 1832 18 23 t

529 1916 87 37 les
647 1915 320 43 apaisements
1000 1925 85 36 que
1112 1923 119 30 vous
1261 1915 262 38 demandiez
1555 1924 89 28 aux
1675 1912 260 49 cyclistes
1965 1914 26 36 ?
2024 1915 145 36 Alors
2178 1937 16 23 (
2229 1913 174 39 dit-il
2410 1937 19 23 t

532 2020 55 38 il
619 2020 176 38 faudra
824 2021 294 36 travaillsr
1144 2021 117 38 dans
1293 2021 85 37 des
1409 2019 382 45 organisations
1818 2017 31 37 à
1879 2012 140 52 côté,
2052 2018 118 48 typa
2199 2018 293 39 Amsterdam-

532 2126 173 46 Pleyel
738 2127 228 44 rajeuni,
999 2124 169 44 etc**,
1290 2125 89 38 lui
1409 2126 59 36 ai
1495 2124 120 38 fait
1644 2126 260 44 observer,
1937 2125 147 36 ainsi
2115 2122 117 48 qu'à
2259 2123 260 43 BUsab**,

533 2229 147 46 qu'au
709 2230 114 37 fond
855 2230 118 37 cala
1002 2229 232 39 revenait
1265 2228 350 47 pratiquement
1646 2228 31 37 à
1700 2238 90 28 uns
1819 2226 238 40 adhésion
2085 2237 57 28 au
2172 2228 111 41 P*0*
2325 2252 18 23 ,

531 2334 176 47 lequel
739 2331 319 47 préférerait
1088 2335 58 37 de
1174 2334 236 44 beaucoup
1442 2334 142 36 cette
1616 2333 234 38 solution
1877 2332 31 37 à
1938 2334 144 35 toute
2113 2333 170 47 autre,
2319 2334 145 42 puis¬

533 2439 204 46 qu'elle
763 2441 60 37 le
855 2439 349 44 dispenserait
1235 2441 57 37 de
1321 2440 322 37 discussions
1676 2448 111 28 avec
1820 2439 58 38 de
1905 2447 239 29 nouveaux
2171 2436 262 40 adhérente

533 2545 56 38 et
617 2546 88 37 lui
739 2545 318 44 permettrait
1086 2545 296 39 d'utiliser
1410 2546 262 43 cependant
1705 2547 55 36 de
1787 2553 240 30 nouveaux
2051 2545 288 38 militants*
2374 2544 87 37 Las

532 2652 117 36 amis
679 2650 346 40 d'JELla*«dans
1055 2651 123 37 leur
1206 2652 230 35 ensemble
1467 2660 59 27 ns
1558 2651 115 36 sont
1709 2659 79 34 pas
1821 2649 116 37 tout
1964 2647 32 37 à
2025 2649 117 38 fait
2170 2651 144 36 aussi
2348 2645 143 41 réso¬

531 2756 87 37 lus
650 2762 86 38 que
764 2755 172 45 Janzy,
972 2755 86 38 ils
1086 2755 89 37 lui
1205 2754 261 39 demandent
1497 2755 58 36 de
1582 2752 268 40 n'adhérer
1878 2749 231 50 qu*après
2140 2756 150 35 avoir
2313 2755 147 42 négo¬

532 2858 85 38 cié
650 2870 54 27 en
733 2861 122 37 leur
882 2869 112 37 nom,
1031 2869 55 28 an
1121 2861 170 41 posant
1323 2861 259 36 certaines
1614 2859 290 36 conditions
1932 2861 120 36 mais
2080 2869 60 27 au
2168 2859 115 37 fond
2316 2860 57 44 je

531 2965 146 37 crois
707 2963 173 47 qu'ils
915 2964 84 36 ont
1029 2965 144 36 envia
1202 2961 289 49 d'adhérer,
1525 2962 31 37 à
1580 2966 148 35 moine
1758 2963 147 46 qu'on
1933 2972 59 27 ne
2020 2963 89 38 les
2142 2960 201 40 séduise
2373 2970 89 35 par

530 3078 88 27 une
649 3069 143 37 autre
823 3068 198 40 action*
