2596 3284
1108 202 229 50 - 27 -

422 419 87 44 qui
537 413 324 41 féconderait
889 414 233 37 l'oeuvre
1154 413 84 36 des
1270 411 119 37 deux
1418 409 371 44 participante.

714 521 118 37 loue
862 526 117 29 noue
1011 516 231 43 séparons
1273 523 114 30 avec
1416 515 61 38 le
1508 513 261 40 continent
1799 512 147 39 d'une
1978 508 115 42 idée
2125 512 312 38 excellente.

421 628 119 37 Hais
573 634 118 36 pour
716 622 237 47 négocier
982 623 56 38 il
1068 621 118 38 faut
1216 612 116 47 être
1361 621 119 37 deux
1508 618 32 39 à
1566 620 60 37 le
1655 618 208 39 vouloir
1894 627 14 28 :
1946 619 88 36 Lee
2063 617 61 37 Ce
2150 627 32 37 y
2213 615 231 38 sont-ils

453 726 232 48 disposée
718 737 117 36 pour
861 728 121 37 leur
1010 727 136 45 part.
1184 730 30 34 A
1241 728 93 36 vdr
1365 748 16 15 •
1421 727 55 34 On
1504 733 61 27 va
1596 732 205 39 essayer
1829 723 58 37 de
1917 722 146 38 faire
2094 722 203 46 quelque
2328 721 167 37 chose.

422 835 178 41 L'idée
632 832 202 45 exposée
864 832 32 37 &
924 833 262 45 Gringoifce
1214 833 88 37 lui
1333 830 175 45 parait
1537 825 258 49 légitiae,
1832 829 56 37 il
1919 826 87 41 est
2034 827 91 39 lui
2154 828 144 37 aussi
2329 823 148 41 déci¬

424 937 59 43 dé
515 941 29 36 &
574 941 176 44 parler
776 950 58 27 en
868 948 55 29 ce
954 947 137 30 sens.

424 1042 205 42 Dé.leoné
659 1047 116 35 chas
804 1044 147 38 Yalat
978 1060 33 15 •
1068 1044 61 38 Ce
1157 1044 88 45 qui
1273 1042 60 40 le
1363 1041 176 44 frappe
1566 1041 60 37 le
1656 1042 116 42 plue
1801 1049 60 28 en
1891 1049 58 28 ce
1976 1039 201 45 noient,
2212 1037 146 37 c'est

424 1147 323 45 l'unanlaité
777 1152 59 37 de
864 1151 61 37 la
955 1150 205 38 terreur
1189 1147 233 47 publique
1453 1145 174 39 devant
1655 1147 59 37 le
1744 1142 377 49 débarquement,
2155 1142 176 38 devant
2361 1142 84 38 les

426 1257 234 38 lenteurs
692 1257 56 36 de
775 1255 263 46 l'Italie,
1072 1254 57 37 le
1160 1253 174 38 retard
1366 1261 118 35 peur
1509 1251 61 38 la
1599 1252 410 44 France,puisque
2039 1249 114 36 tous
2184 1256 88 29 nos
2303 1248 175 37 conci¬

427 1363 200 47 toyens,
667 1362 257 45 bourgeois
957 1360 55 38 et
1044 1360 290 43 populaires
1368 1355 291 41 s'unissent
1688 1357 114 37 dans
1833 1364 59 29 un
1919 1347 120 46 uêne
2072 1354 258 36 sentiment
2368 1361 15 29 :

429 1477 175 35 pourvu
634 1477 85 36 que
747 1468 59 37 le
839 1463 350 48 débarquement
1216 1463 148 39 n'ait
1397 1473 84 33 pas
1510 1463 120 37 lieu
1659 1470 58 29 en
1746 1462 199 38 France.
1981 1460 57 38 Si
2069 1459 145 38 Laval
2245 1454 204 42 réussit

429 1583 58 27 en
513 1571 296 48 négocieratà
840 1571 205 38 obtenir
1072 1569 147 46 qu'on
1250 1578 56 29 se
1333 1568 149 38 batte
1513 1567 254 46 ailleurs,
1805 1566 60 39 la
1892 1566 178 37 France
2101 1559 203 43 entière
2340 1588 19 22 ,

429 1679 199 46 dit-il,
661 1678 318 45 l'aclanera,
1014 1676 57 39 il
1102 1675 264 46 reviendra
1394 1683 60 28 un
1483 1674 147 46 grand
1657 1675 170 35 homme.

725 1783 144 45 Quant
900 1792 89 27 aux
1018 1780 408 40 collaborateurs
1457 1779 199 45 dit-il,
1692 1780 85 37 ils
1807 1777 117 38 font
1954 1776 322 47 aujourd'hui
2307 1776 176 36 courir

428 1891 60 38 le
518 1890 144 38 bruit
694 1889 146 48 qu'en
870 1898 144 27 somme
1044 1889 88 36 les
1163 1883 175 42 alliés
1367 1895 58 28 ne
1457 1884 291 47 fontqu'unè
1778 1892 175 36 guerre
1985 1890 117 36 pour
2132 1883 137 44 rire,
2306 1889 58 29 on

430 1995 179 39 finira
639 2004 87 34 par
756 1994 312 38 s'entendre.
1106 1995 58 35 5n
1195 1994 172 35 France
1396 1982 116 46 même
1546 1990 198 46 dit—il,
1776 1988 46 39 1'
1839 1988 115 37 anti
1987 1990 288 34 communisme
2304 1994 177 37 marque

433 2102 231 45 quelques
697 2096 227 49 progrès,
956 2100 143 44 mais,
1137 2106 57 30 ce
1221 2096 146 39 n'est
1400 2105 84 35 pas
1517 2095 116 38 cela
1662 2096 87 45 qui
1781 2093 83 38 est
1896 2094 58 37 le
1988 2093 112 43 plus
2133 2089 286 49 important,

432 2214 60 28 ce
522 2207 87 44 qui
638 2205 174 43 compte
843 2203 203 39 surtout
1077 2202 146 39 e'ést
1246 2197 328 47 l'hostilité
1605 2201 59 36 du
1692 2200 233 45 français
1952 2206 151 39 moyen
2131 2206 60 28 an
2219 2192 259 42 désordre»

433 2311 58 38 Je
521 2310 233 38 croirais
784 2318 146 30 assez
959 2307 294 39 volontiers
1284 2315 86 38 que
1398 2305 147 39 F&lat
1576 2313 30 29 a
1636 2307 172 36 raison
1841 2312 88 30 sur
1957 2304 86 37 les
2073 2303 174 43 larges
2278 2301 203 37 couches

435 2416 58 37 de
520 2417 62 36 la
612 2414 292 45 population
931 2428 30 14 -
989 2422 116 29 nous
1136 2420 173 39 voyons
1344 2408 290 41 évidemment
1666 2414 83 34 des
1777 2409 241 38 millieux
2046 2406 349 45 particuliers

435 2516 60 42 eh
522 2522 88 37 les
640 2515 261 42 réactions
1343 2516 114 38 sont
1488 2515 264 38 tellement
1780 2511 347 48 différentes,
2159 2519 88 30 nos
2279 2520 116 36 gens

436 2625 116 38 sont
580 2623 261 39 tellement
876 2620 201 48 engagée
1110 2621 172 47 qu'ils
1310 2621 147 37 n'ont
1490 2621 115 43 plue
1633 2620 145 45 grand
1812 2620 143 36 chose
1986 2615 30 39 à
2044 2618 203 37 cmindre
2278 2614 30 38 à
2334 2625 61 28 un

436 2727 348 49 débarquement
813 2729 119 36 mais
963 2728 235 43 beaucoup
1226 2725 30 38 à
1286 2723 223 46 espérer.

726 2836 90 36 Une
849 2831 231 40 réaction
1110 2826 349 50 particulière
1488 2830 30 37 à
1549 2838 57 30 ce
1629 2831 181 37 milieu
1841 2838 85 37 que
1954 2837 59 28 me
2048 2828 201 45 signale
2278 2827 142 46 Jean,

437 2939 143 38 c'est
611 2940 59 38 le
701 2938 290 40 classement
1022 2940 86 35 des
1142 2938 170 46 jeunes
1341 2944 118 30 vers
1487 2937 59 36 le
1578 2935 290 37 communisme
1903 2944 14 27 :
1957 2934 147 37 selon
2132 2933 87 37 lui
2247 2932 60 37 le
2335 2940 119 28 nom¬

436 3042 87 38 bre
553 3041 144 39 croit
729 3043 56 36 de
817 3051 117 29 ceux
963 3043 86 45 qui
1077 3041 119 37 vont
1225 3040 31 37 à
1284 3049 57 29 ce
1372 3039 143 44 parti
1553 3048 13 28 :
1606 3047 145 28 aucun
1781 3039 237 36 souvenir
2041 3038 206 35 mauvais
2278 3036 59 36 du
2367 3030 143 48 passé
