2596 3284
1295 229 57 43 15

531 392 233 51 lÿrénéea
798 390 141 40 étant
971 389 492 44 infranchissables,
1498 387 58 39 al
1579 385 125 38 l'on
1733 384 142 36 vient
1909 383 61 36 du
1997 379 140 49 Sud*,
2172 388 58 29 on
2262 376 170 46 répond

503 511 88 38 que
622 499 145 37 c'est
797 495 113 40 tout
941 497 61 37 do
1027 486 120 47 même
1175 503 62 28 un
1266 493 116 38 seul
1410 501 145 36 moyen
1586 490 208 37 d'avoir
1821 488 88 37 doa
1942 488 141 35 bases
2112 487 61 36 do
2203 481 173 47 déport

503 604 297 40 d'aviation
827 602 32 38 à
889 599 259 47 proximité
1182 598 259 39 immédiate
1472 599 85 34 des
1588 589 148 45 côtea
1768 596 55 34 de
1853 594 176 37 Franco

505 703 25 46 é
1209 706 114 36 loue
1358 704 202 44 parlono
1591 702 85 38 doa
1710 702 258 35 histoires
1999 698 60 37 da
2090 696 255 46 boutique,
2379 696 60 36 do

1513 759 150 42 ttLfJ

505 818 60 38 la
590 817 202 38 maison*
831 814 55 39 ZI
916 812 88 39 est
1033 808 117 42 très
1179 809 205 38 hostile
1415 818 60 29 au
1503 807 145 39 L.M.V
1683 803 286 41 soi-disant
2003 811 142 35 parce
2178 810 86 37 que
2295 801 173 36 celui-

506 925 57 35 ci
593 931 58 28 ne
681 921 89 38 lui
802 921 144 36 donna
978 926 85 37 pae
1092 917 88 38 las
1209 915 263 45 garanties
1506 913 289 43 politiques
1826 908 344 39 suffisantes.
2210 906 54 39 Il
2297 905 114 38 s'an

507 1027 147 45 prend
683 1025 33 38 à
744 1034 58 30 oa
832 1032 172 37 propos
1037 1020 30 40 à
1094 1019 410 45 l'inexpérience
1532 1019 89 37 des
1655 1019 173 44 jaunes
1856 1024 117 37 gens
2003 1015 59 36 da
2088 1012 109 40 D.P.

1213 1129 30 35 A
1300 1133 89 28 mon
1418 1133 117 29 sans
1567 1122 57 38 il
1649 1131 33 38 7
1712 1131 31 27 a
1770 1118 62 41 là
1858 1129 87 27 une
1975 1116 205 47 disputa
2210 1118 58 37 da
2296 1117 177 37 maison

509 1236 116 39 dont
655 1237 59 38 il
746 1236 84 38 est
860 1231 237 41 vraiment
1125 1230 265 40 difficile
1419 1229 115 37 d'en
1565 1228 177 38 saisir
1769 1221 264 42 1'intérêt
2063 1224 58 37 da
2151 1223 255 43 principe.

509 1343 58 38 Je
598 1342 204 45 croyais
835 1325 174 59 plut$t
1040 1336 145 48 qu'il
1216 1334 116 40 faut
1360 1334 121 38 voir
1509 1335 116 36 dans
1655 1341 59 28 sa
1743 1328 292 40 résistance
2064 1337 60 29 au
2149 1326 148 42 S.M.I
2326 1326 60 38 la

1555 1384 101 50 fJihpL

511 1446 207 40 défense
748 1447 85 37 des
862 1446 179 46 grands
1069 1441 293 39 mouvements
1392 1442 59 36 da
1483 1440 84 38 Z.I
1597 1438 177 37 contra
1805 1445 114 30 ceux
1949 1434 146 48 qu'il
2125 1433 204 45 appelle

1027 1503 22 34 €
1060 1493 51 42 hu
1140 1492 29 43 S
1180 1491 57 44 tek

511 1550 414 46 l'Impérialisme
952 1551 63 37 la
1045 1550 51 37 Z.
1102 1551 29 35 3
1134 1572 18 16 .

1188 1654 116 37 Vous
1339 1652 201 44 parlons
1572 1651 59 37 de
1659 1651 175 36 choses
1867 1648 111 42 plus
2011 1643 260 40 sérieuses
2300 1641 31 39 à

518 1771 174 38 propos
723 1764 59 37 du
811 1759 377 47 développement
1223 1760 112 35 dans
1365 1757 62 38 la
1456 1754 292 39 résistance
1776 1752 118 38 d'un
1925 1750 203 40 certain
2158 1750 322 36 anti-commu¬

514 1872 173 36 nisme.
724 1869 205 37 Madelin
956 1867 59 38 le
1047 1863 233 41 constate
1311 1863 56 37 et
1398 1871 145 29 comme
1569 1862 91 36 moi
1689 1857 235 46 l'impute
1955 1865 87 30 aux
2071 1852 320 47 prétentions

520 1974 320 38 croissantes
871 1972 86 38 des
988 1973 59 36 Oo
1084 1981 12 26 :
1137 1970 113 45 plus
1277 1967 175 47 forts,
1487 1967 202 38 ceux-ci
1720 1974 58 28 se
1806 1962 118 39 font
1953 1962 116 44 plus
2098 1960 289 46 exigeants,
2423 1968 58 27 «1

519 2078 266 40 demandent
813 2077 289 46 davantage,
1138 2076 137 37 etc..
1308 2074 61 37 Le
1401 2068 231 49 problème
1660 2087 31 13 -
1719 2070 206 38 Madelin
1955 2067 58 39 et
2039 2068 90 37 moi
2157 2075 117 28 nous
2308 2074 171 28 sommes

519 2195 146 30 assez
697 2183 233 39 d'accord
958 2191 93 30 mur
1079 2188 86 31 son
1196 2175 198 49 énoncé,
1430 2177 84 39 est
1547 2186 54 28 en
1635 2184 144 28 somme
1809 2176 58 37 de
1898 2171 235 40 résister
2160 2169 31 38 à
2215 2165 208 49 l'impé¬

522 2291 233 39 rialisme
785 2289 83 47 Oo,
903 2298 113 29 sans
1049 2286 146 39 faire
1224 2293 120 35 pour
1371 2283 118 38 cela
1517 2284 58 36 de
1603 2280 289 45 l'Antl-Oo,
1928 2277 114 39 dont
2070 2279 89 36 les
2190 2272 174 48 périls
2391 2283 119 29 nous

524 2394 293 46 paraissent
846 2391 255 41 évidents.
1137 2390 115 40 Tout
1283 2390 118 37 Cela
1431 2388 85 38 est
1548 2387 144 37 banal
1724 2385 55 37 et
1811 2394 87 35 peu
1928 2383 283 38 efficaoes.

1223 2497 92 36 Une
1342 2495 119 37 note
1490 2492 114 38 tout
1638 2494 56 35 de
1722 2501 118 27 meme
1872 2487 262 40 émouvante
2163 2488 115 36 dans
2307 2485 147 38 notre

1986 2536 226 48 ftU*U.du\/o
2221 2542 75 36 tJ+jL

523 2604 353 39 conversation
909 2611 16 30 :
961 2603 207 37 Madelin
1193 2610 58 28 me
1287 2598 202 46 psoonte
1520 2606 86 38 que
1635 2598 206 45 lorsque
1871 2603 87 29 son
1988 2594 174 37 cousin
2191 2602 31 28 a
2251 2582 86 46 été
2368 2582 158 46 arrêt*

555 2719 85 29 ses
674 2709 231 38 ouvriers
936 2717 56 28 se
1025 2706 116 40 sont
1167 2707 88 36 mis
1290 2700 346 47 spontanément
1667 2709 57 30 en
1754 2696 168 49 grève.
1959 2698 116 38 Cela
2103 2697 86 38 est
2221 2704 144 30 assez
2395 2694 117 38 beau

526 2814 56 38 et
610 2815 179 37 montre
819 2811 117 39 tout
966 2813 57 38 de
1055 2801 115 47 même
1200 2808 145 47 qu'il
1373 2818 33 38 7
1434 2818 30 28 a
1492 2802 233 43 derrière
1753 2813 86 30 nos
1868 2798 206 44 misères
2105 2803 205 46 quelque
2339 2801 145 36 chose

524 2921 59 37 de
613 2921 146 45 grand
792 2926 87 37 par
904 2917 177 38 moment
1112 2933 31 13 -
1171 2924 57 28 on
1259 2912 231 47 pourrait
1518 2912 290 40 l'oublier.

525 3022 263 37 LBVDEMAU
825 3046 17 16 .
907 3014 204 52 Déjeuné
1143 3027 112 28 avec
1286 3016 286 39 Ohsistian.
1607 3014 88 39 Lui
1726 3013 144 38 aussi
1902 3021 56 28 se
1992 3008 169 45 plaint
2191 3009 60 38 de
2279 3007 60 38 la
